
      <record>
         <leader>00000nz  a2200169   4500</leader>
         <controlfield tag="001">30000212</controlfield>
         <controlfield tag="003">RISM</controlfield>
         <controlfield tag="005">20160216</controlfield>
         <controlfield tag="008">160216n||az|||||||##########||||||||||||</controlfield>
         <datafield tag="040" ind1=" " ind2=" ">
            <subfield code="a">CH-ALus</subfield>
         </datafield>
         <datafield tag="043" ind1=" " ind2=" ">
            <subfield code="c">XA-CH</subfield>
         </datafield>
         <datafield tag="110" ind1="2" ind2=" ">
            <subfield code="a">Urner Staatsarchiv und Kantonsbibliothek &lt;Altdorf&gt;</subfield>
            <subfield code="c">Altdorf</subfield>
            <subfield code="g">CH-ALus</subfield>
         </datafield>
         <datafield tag="622" ind1=" " ind2=" ">
            <subfield code="e">Urner Staatsarchiv und Kantonsbibliothek, Bahnhofstrasse 13, CH-6460 Altdorf, CH -</subfield>
         </datafield>
      </record>