
      <record>
         <leader>00000nz  a2200169   4500</leader>
         <controlfield tag="001">30002628</controlfield>
         <controlfield tag="003">RISM</controlfield>
         <controlfield tag="005">20160216</controlfield>
         <controlfield tag="008">160216n||az|||||||##########||||||||||||</controlfield>
         <datafield tag="040" ind1=" " ind2=" ">
            <subfield code="a">CH-ANpfister</subfield>
         </datafield>
         <datafield tag="043" ind1=" " ind2=" ">
            <subfield code="c">XA-CH</subfield>
         </datafield>
         <datafield tag="110" ind1="2" ind2=" ">
            <subfield code="a">Privatbibliothek Siegfried Pfister</subfield>
            <subfield code="c">Andelfingen</subfield>
            <subfield code="g">CH-ANpfister</subfield>
         </datafield>
         <datafield tag="410" ind1="2" ind2=" ">
            <subfield code="a">Privatbibliothek Lehrer Siegfried Pfister</subfield>
         </datafield>
         <datafield tag="622" ind1=" " ind2=" ">
            <subfield code="e">Privatbibliothek Siegfried Pfister, Theodor Gubler-Strasse 4, CH-8450, Andelfingen, CH -</subfield>
         </datafield>
      </record>