
      <record>
         <leader>00000nz  a2200169   4500</leader>
         <controlfield tag="001">30002632</controlfield>
         <controlfield tag="003">RISM</controlfield>
         <controlfield tag="005">20160216</controlfield>
         <controlfield tag="008">160216n||az|||||||##########||||||||||||</controlfield>
         <datafield tag="040" ind1=" " ind2=" ">
            <subfield code="a">CH-Bb</subfield>
         </datafield>
         <datafield tag="043" ind1=" " ind2=" ">
            <subfield code="c">XA-CH</subfield>
         </datafield>
         <datafield tag="110" ind1="2" ind2=" ">
            <subfield code="a">Bibelsammlung der Basler Bibelgesellschaft &lt;Basel&gt;</subfield>
            <subfield code="c">Basel</subfield>
            <subfield code="g">CH-Bb</subfield>
         </datafield>
         <datafield tag="622" ind1=" " ind2=" ">
            <subfield code="e">Bibelsammlung der Basler, Bibelgesellschaft, Sekretariat der Basler, Bibelgesellschaft, Martinskirchplatz 2,, Basel, CH -</subfield>
            <subfield code="u">http://www.basler-bibelgesellschaft.ch/</subfield>
         </datafield>
      </record>