
      <record>
         <leader>00000nz  a2200169   4500</leader>
         <controlfield tag="001">30000495</controlfield>
         <controlfield tag="003">RISM</controlfield>
         <controlfield tag="005">20160216</controlfield>
         <controlfield tag="008">160216n||az|||||||##########||||||||||||</controlfield>
         <datafield tag="040" ind1=" " ind2=" ">
            <subfield code="a">CH-Bchristen</subfield>
         </datafield>
         <datafield tag="043" ind1=" " ind2=" ">
            <subfield code="c">XA-CH</subfield>
         </datafield>
         <datafield tag="110" ind1="2" ind2=" ">
            <subfield code="a">Privatbibliothek Werner Christen</subfield>
            <subfield code="c">Basel</subfield>
            <subfield code="g">CH-Bchristen</subfield>
         </datafield>
         <datafield tag="410" ind1="2" ind2=" ">
            <subfield code="a">Werner Christen, private collection</subfield>
         </datafield>
         <datafield tag="622" ind1=" " ind2=" ">
            <subfield code="e">Privatbibliothek Werner Christen, Frau Irene Christen-Aeschliman, Auf der Wacht 31, 4104 Oberwil, Switzerland</subfield>
         </datafield>
      </record>