
      <record>
         <leader>00000nz  a2200169   4500</leader>
         <controlfield tag="001">30006195</controlfield>
         <controlfield tag="003">RISM</controlfield>
         <controlfield tag="005">20160216</controlfield>
         <controlfield tag="008">160216n||az|||||||##########||||||||||||</controlfield>
         <datafield tag="040" ind1=" " ind2=" ">
            <subfield code="a">CH-BEgugger</subfield>
         </datafield>
         <datafield tag="043" ind1=" " ind2=" ">
            <subfield code="c">XA-CH</subfield>
         </datafield>
         <datafield tag="110" ind1="2" ind2=" ">
            <subfield code="a">Privatbibliothek Gugger</subfield>
            <subfield code="c">Bern</subfield>
            <subfield code="g">CH-BEgugger</subfield>
         </datafield>
      </record>