
      <record>
         <leader>00000nz  a2200169   4500</leader>
         <controlfield tag="001">30000222</controlfield>
         <controlfield tag="003">RISM</controlfield>
         <controlfield tag="005">20160216</controlfield>
         <controlfield tag="008">160216n||az|||||||##########||||||||||||</controlfield>
         <datafield tag="040" ind1=" " ind2=" ">
            <subfield code="a">CH-BEk</subfield>
         </datafield>
         <datafield tag="043" ind1=" " ind2=" ">
            <subfield code="c">XA-CH</subfield>
         </datafield>
         <datafield tag="110" ind1="2" ind2=" ">
            <subfield code="a">Hochschule der Künste Bern, Musikbibliothek</subfield>
            <subfield code="c">Bern</subfield>
            <subfield code="g">CH-BEk</subfield>
         </datafield>
         <datafield tag="410" ind1="2" ind2=" ">
            <subfield code="a">Berner Musikschule</subfield>
         </datafield>
         <datafield tag="410" ind1="2" ind2=" ">
            <subfield code="a">Konservatorium</subfield>
         </datafield>
         <datafield tag="622" ind1=" " ind2=" ">
            <subfield code="e">Hochschule der Künste Bern,, Musikbibliothek, Papiermühlestrasse 13j, CH-3000 Bern 22, CH -</subfield>
            <subfield code="u">http://www.hkb.bfh.ch/</subfield>
         </datafield>
      </record>