
      <record>
         <leader>00000nz  a2200169   4500</leader>
         <controlfield tag="001">30000004</controlfield>
         <controlfield tag="003">RISM</controlfield>
         <controlfield tag="005">20160216</controlfield>
         <controlfield tag="008">160216n||az|||||||##########||||||||||||</controlfield>
         <datafield tag="040" ind1=" " ind2=" ">
            <subfield code="a">CH-BEl</subfield>
         </datafield>
         <datafield tag="043" ind1=" " ind2=" ">
            <subfield code="c">XA-CH</subfield>
         </datafield>
         <datafield tag="110" ind1="2" ind2=" ">
            <subfield code="a">Schweizerische Nationalbibliothek</subfield>
            <subfield code="c">Bern</subfield>
            <subfield code="g">CH-BEl</subfield>
         </datafield>
         <datafield tag="410" ind1="2" ind2=" ">
            <subfield code="a">Bibliothèque nationale suisse</subfield>
         </datafield>
         <datafield tag="410" ind1="2" ind2=" ">
            <subfield code="a">Biblioteca nazionale svizzera</subfield>
         </datafield>
         <datafield tag="410" ind1="2" ind2=" ">
            <subfield code="a">Swiss National Library</subfield>
         </datafield>
         <datafield tag="410" ind1="2" ind2=" ">
            <subfield code="a">früher: Schweizerische Landesbibliothek</subfield>
         </datafield>
         <datafield tag="622" ind1=" " ind2=" ">
            <subfield code="e">Schweizerische Nationalbibliothek, Hallwylstrasse 15, 3003 Bern, Switzerland</subfield>
            <subfield code="u">http://www.nb.admin.ch/index.html?lang=de</subfield>
         </datafield>
      </record>