
      <record>
         <leader>00000nz  a2200169   4500</leader>
         <controlfield tag="001">30006639</controlfield>
         <controlfield tag="003">RISM</controlfield>
         <controlfield tag="005">20160216</controlfield>
         <controlfield tag="008">160216n||az|||||||##########||||||||||||</controlfield>
         <datafield tag="040" ind1=" " ind2=" ">
            <subfield code="a">CH-BELa</subfield>
         </datafield>
         <datafield tag="043" ind1=" " ind2=" ">
            <subfield code="c">XA-CH</subfield>
         </datafield>
         <datafield tag="110" ind1="2" ind2=" ">
            <subfield code="a">Archivio di Stato, Staatsarchiv des Kantons Tessin &lt;Langsam mit innigem Vortrag&gt;</subfield>
            <subfield code="c">Bellinzona</subfield>
            <subfield code="g">CH-BELa</subfield>
         </datafield>
         <datafield tag="622" ind1=" " ind2=" ">
            <subfield code="e">Archivio di Stato, Staatsarchiv des, Kantons Tessin &lt;Langsam mit innigem, Vortrag&gt;, Viale S. Franscini 30a, CH-6500, Bellinzona, CH -</subfield>
            <subfield code="u">http://www.ti.ch/desc/dc/ArcC/</subfield>
         </datafield>
      </record>