
      <record>
         <leader>00000nz  a2200169   4500</leader>
         <controlfield tag="001">30000279</controlfield>
         <controlfield tag="003">RISM</controlfield>
         <controlfield tag="005">20160216</controlfield>
         <controlfield tag="008">160216n||az|||||||##########||||||||||||</controlfield>
         <datafield tag="040" ind1=" " ind2=" ">
            <subfield code="a">CH-BEms</subfield>
         </datafield>
         <datafield tag="043" ind1=" " ind2=" ">
            <subfield code="c">XA-CH</subfield>
         </datafield>
         <datafield tag="110" ind1="2" ind2=" ">
            <subfield code="a">Universität Bern, Institut für Musikwissenschaft</subfield>
            <subfield code="c">Bern</subfield>
            <subfield code="g">CH-BEms</subfield>
         </datafield>
         <datafield tag="410" ind1="2" ind2=" ">
            <subfield code="a">Musikwissenschaftliches Seminar</subfield>
         </datafield>
         <datafield tag="410" ind1="2" ind2=" ">
            <subfield code="a">Musikwissenschaftliches Seminar der Universität Bern</subfield>
         </datafield>
         <datafield tag="410" ind1="2" ind2=" ">
            <subfield code="a">Institut für Musikwissenschaft der Universität Bern</subfield>
         </datafield>
         <datafield tag="622" ind1=" " ind2=" ">
            <subfield code="e">Universität Bern, Institut für, Musikwissenschaft, Hallerstrasse 5, CH-3012 Bern, CH -</subfield>
            <subfield code="u">http://www.muwi.unibe.ch/</subfield>
         </datafield>
      </record>