
      <record>
         <leader>00000nz  a2200169   4500</leader>
         <controlfield tag="001">30000501</controlfield>
         <controlfield tag="003">RISM</controlfield>
         <controlfield tag="005">20160216</controlfield>
         <controlfield tag="008">160216n||az|||||||##########||||||||||||</controlfield>
         <datafield tag="040" ind1=" " ind2=" ">
            <subfield code="a">CH-BEo</subfield>
         </datafield>
         <datafield tag="043" ind1=" " ind2=" ">
            <subfield code="c">XA-CH</subfield>
         </datafield>
         <datafield tag="110" ind1="2" ind2=" ">
            <subfield code="a">Kirchenmusikalische Bibliothek &lt;Bern&gt;</subfield>
            <subfield code="c">Bern</subfield>
            <subfield code="g">CH-BEo</subfield>
         </datafield>
         <datafield tag="410" ind1="2" ind2=" ">
            <subfield code="a">Bibliothek des Organistenverbandes</subfield>
         </datafield>
         <datafield tag="622" ind1=" " ind2=" ">
            <subfield code="e">Kirchenmusikalische Bibliothek, Kramgasse 36, CH-3011 Bern, CH -</subfield>
         </datafield>
      </record>