
      <record>
         <leader>00000nz  a2200169   4500</leader>
         <controlfield tag="001">30003851</controlfield>
         <controlfield tag="003">RISM</controlfield>
         <controlfield tag="005">20160216</controlfield>
         <controlfield tag="008">160216n||az|||||||##########||||||||||||</controlfield>
         <datafield tag="040" ind1=" " ind2=" ">
            <subfield code="a">CH-BEs</subfield>
         </datafield>
         <datafield tag="043" ind1=" " ind2=" ">
            <subfield code="c">XA-CH</subfield>
         </datafield>
         <datafield tag="110" ind1="2" ind2=" ">
            <subfield code="a">Schweizerisches Bundesarchiv</subfield>
            <subfield code="c">Bern</subfield>
            <subfield code="g">CH-BEs</subfield>
         </datafield>
         <datafield tag="410" ind1="2" ind2=" ">
            <subfield code="a">Eidgenössisches Staatsarchiv</subfield>
         </datafield>
         <datafield tag="622" ind1=" " ind2=" ">
            <subfield code="e">Schweizerisches Bundesarchiv, Archivstr. 24, CH-3000 Bern, CH -</subfield>
         </datafield>
      </record>