
      <record>
         <leader>00000nz  a2200169   4500</leader>
         <controlfield tag="001">30080519</controlfield>
         <controlfield tag="003">RISM</controlfield>
         <controlfield tag="005">20160216</controlfield>
         <controlfield tag="008">160216n||az|||||||##########||||||||||||</controlfield>
         <datafield tag="040" ind1=" " ind2=" ">
            <subfield code="a">CH-BL</subfield>
         </datafield>
         <datafield tag="043" ind1=" " ind2=" ">
            <subfield code="c">XA-CH</subfield>
         </datafield>
         <datafield tag="110" ind1="2" ind2=" ">
            <subfield code="a">Fondation Hindemith</subfield>
            <subfield code="c">Blonay</subfield>
            <subfield code="g">CH-BL</subfield>
         </datafield>
         <datafield tag="622" ind1=" " ind2=" ">
            <subfield code="e">Fondation Hindemith, Champ Belluet 41, 1807 Blonay, Switzerland</subfield>
            <subfield code="u">http://www.hindemith.info/home/</subfield>
         </datafield>
      </record>