
      <record>
         <leader>00000nz  a2200169   4500</leader>
         <controlfield tag="001">30000005</controlfield>
         <controlfield tag="003">RISM</controlfield>
         <controlfield tag="005">20160216</controlfield>
         <controlfield tag="008">160216n||az|||||||##########||||||||||||</controlfield>
         <datafield tag="040" ind1=" " ind2=" ">
            <subfield code="a">CH-BM</subfield>
         </datafield>
         <datafield tag="043" ind1=" " ind2=" ">
            <subfield code="c">XA-CH</subfield>
         </datafield>
         <datafield tag="110" ind1="2" ind2=" ">
            <subfield code="a">Musikbibliothek des Kollegiatstiftes St. Michael</subfield>
            <subfield code="c">Beromünster</subfield>
            <subfield code="g">CH-BM</subfield>
         </datafield>
         <datafield tag="622" ind1=" " ind2=" ">
            <subfield code="e">Musikbibliothek des Kollegiatstiftes St.,  Michael, 6215 Beromünster, Switzerland</subfield>
            <subfield code="u">http://www.stiftberomuenster.ch/</subfield>
         </datafield>
      </record>