
      <record>
         <leader>00000nz  a2200169   4500</leader>
         <controlfield tag="001">30000496</controlfield>
         <controlfield tag="003">RISM</controlfield>
         <controlfield tag="005">20160216</controlfield>
         <controlfield tag="008">160216n||az|||||||##########||||||||||||</controlfield>
         <datafield tag="040" ind1=" " ind2=" ">
            <subfield code="a">CH-Bm</subfield>
         </datafield>
         <datafield tag="043" ind1=" " ind2=" ">
            <subfield code="c">XA-CH</subfield>
         </datafield>
         <datafield tag="110" ind1="2" ind2=" ">
            <subfield code="a">Musikakademie der Stadt Basel, Vera Oeri-Bibliothek</subfield>
            <subfield code="c">Basel</subfield>
            <subfield code="g">CH-Bm</subfield>
         </datafield>
         <datafield tag="622" ind1=" " ind2=" ">
            <subfield code="e">Musikakademie der Stadt Basel, Vera, Oeri-Bibliothek, Leonardsstr. 6, 4051 Basel, Switzerland</subfield>
            <subfield code="u">http://musik-akademie.ch/bibliothek/index.php</subfield>
         </datafield>
      </record>