
      <record>
         <leader>00000nz  a2200169   4500</leader>
         <controlfield tag="001">30003950</controlfield>
         <controlfield tag="003">RISM</controlfield>
         <controlfield tag="005">20160216</controlfield>
         <controlfield tag="008">160216n||az|||||||##########||||||||||||</controlfield>
         <datafield tag="040" ind1=" " ind2=" ">
            <subfield code="a">CH-Bps</subfield>
         </datafield>
         <datafield tag="043" ind1=" " ind2=" ">
            <subfield code="c">XA-CH</subfield>
         </datafield>
         <datafield tag="110" ind1="2" ind2=" ">
            <subfield code="a">Paul Sacher Stiftung, Bibliothek &lt;Basel&gt;</subfield>
            <subfield code="c">Basel</subfield>
            <subfield code="g">CH-Bps</subfield>
         </datafield>
         <datafield tag="622" ind1=" " ind2=" ">
            <subfield code="e">Paul Sacher Stiftung, Bibliothek, Münsterplatz 4, CH-4051 Basel, CH -</subfield>
            <subfield code="u">http://www.paul-sacher-stiftung.ch</subfield>
         </datafield>
      </record>