
      <record>
         <leader>00000nz  a2200169   4500</leader>
         <controlfield tag="001">30002618</controlfield>
         <controlfield tag="003">RISM</controlfield>
         <controlfield tag="005">20160216</controlfield>
         <controlfield tag="008">160216n||az|||||||##########||||||||||||</controlfield>
         <datafield tag="040" ind1=" " ind2=" ">
            <subfield code="a">CH-BSPh</subfield>
         </datafield>
         <datafield tag="043" ind1=" " ind2=" ">
            <subfield code="c">XA-CH</subfield>
         </datafield>
         <datafield tag="110" ind1="2" ind2=" ">
            <subfield code="a">Hospice du Grand-Saint-Bernard, Bibliothèque</subfield>
            <subfield code="c">Bourg-Saint-Pierre</subfield>
            <subfield code="g">CH-BSPh</subfield>
         </datafield>
         <datafield tag="410" ind1="2" ind2=" ">
            <subfield code="a">Grand-Saint-Bernard, Bibliothèque de l'Hospice</subfield>
         </datafield>
         <datafield tag="622" ind1=" " ind2=" ">
            <subfield code="e">Hospice du Grand-Saint-Bernard,,  Bibliothèque, 1946 Bourg-Saint-Pierre, Switzerland</subfield>
         </datafield>
      </record>