
      <record>
         <leader>00000nz  a2200169   4500</leader>
         <controlfield tag="001">30002617</controlfield>
         <controlfield tag="003">RISM</controlfield>
         <controlfield tag="005">20160216</controlfield>
         <controlfield tag="008">160216n||az|||||||##########||||||||||||</controlfield>
         <datafield tag="040" ind1=" " ind2=" ">
            <subfield code="a">CH-Bst</subfield>
         </datafield>
         <datafield tag="043" ind1=" " ind2=" ">
            <subfield code="c">XA-CH</subfield>
         </datafield>
         <datafield tag="110" ind1="2" ind2=" ">
            <subfield code="a">Staatsarchiv des Kantons Basel-Stadt</subfield>
            <subfield code="c">Basel</subfield>
            <subfield code="g">CH-Bst</subfield>
         </datafield>
         <datafield tag="622" ind1=" " ind2=" ">
            <subfield code="e">Staatsarchiv des Kantons Basel-Stadt, Martinsgasse 2, CH-4001 Basel, CH -</subfield>
         </datafield>
      </record>