
      <record>
         <leader>00000nz  a2200169   4500</leader>
         <controlfield tag="001">30000003</controlfield>
         <controlfield tag="003">RISM</controlfield>
         <controlfield tag="005">20160216</controlfield>
         <controlfield tag="008">160216n||az|||||||##########||||||||||||</controlfield>
         <datafield tag="040" ind1=" " ind2=" ">
            <subfield code="a">CH-Bu</subfield>
         </datafield>
         <datafield tag="043" ind1=" " ind2=" ">
            <subfield code="c">XA-CH</subfield>
         </datafield>
         <datafield tag="110" ind1="2" ind2=" ">
            <subfield code="a">Universitätsbibliothek, Musiksammlung</subfield>
            <subfield code="c">Basel</subfield>
            <subfield code="g">CH-Bu</subfield>
         </datafield>
         <datafield tag="410" ind1="2" ind2=" ">
            <subfield code="a">Öffentliche Bibliothek der Universität Basel, Musiksammlung</subfield>
         </datafield>
         <datafield tag="622" ind1=" " ind2=" ">
            <subfield code="e">Universitätsbibliothek, Musiksammlung, Schönbeinstrasse 18-20, 4056 Basel, Switzerland</subfield>
            <subfield code="u">http://www.ub.unibas.ch/</subfield>
         </datafield>
      </record>