
      <record>
         <leader>00000nz  a2200169   4500</leader>
         <controlfield tag="001">30002641</controlfield>
         <controlfield tag="003">RISM</controlfield>
         <controlfield tag="005">20160216</controlfield>
         <controlfield tag="008">160216n||az|||||||##########||||||||||||</controlfield>
         <datafield tag="040" ind1=" " ind2=" ">
            <subfield code="a">CH-BUbärtschi</subfield>
         </datafield>
         <datafield tag="043" ind1=" " ind2=" ">
            <subfield code="c">XA-CH</subfield>
         </datafield>
         <datafield tag="110" ind1="2" ind2=" ">
            <subfield code="a">Privatbibliothek Lehrer Alfred Bärtschi</subfield>
            <subfield code="c">Burgdorf</subfield>
            <subfield code="g">CH-BUbärtschi</subfield>
         </datafield>
      </record>