
      <record>
         <leader>00000nz  a2200169   4500</leader>
         <controlfield tag="001">30076335</controlfield>
         <controlfield tag="003">RISM</controlfield>
         <controlfield tag="005">20160216</controlfield>
         <controlfield tag="008">160216n||az|||||||##########||||||||||||</controlfield>
         <datafield tag="040" ind1=" " ind2=" ">
            <subfield code="a">CH-BULmg</subfield>
         </datafield>
         <datafield tag="043" ind1=" " ind2=" ">
            <subfield code="c">XA-CH</subfield>
         </datafield>
         <datafield tag="110" ind1="2" ind2=" ">
            <subfield code="a">Musée gruérien</subfield>
            <subfield code="c">Bulle</subfield>
            <subfield code="g">CH-BULmg</subfield>
         </datafield>
         <datafield tag="410" ind1="2" ind2=" ">
            <subfield code="a">Musée gruérien - Bibliothèque publique et scolaire</subfield>
         </datafield>
         <datafield tag="622" ind1=" " ind2=" ">
            <subfield code="e">Musée gruérien, Rue de la Condémine 25, CH -  1630 Bulle 1</subfield>
            <subfield code="u">http://www.musee-gruerien.ch</subfield>
         </datafield>
      </record>