
      <record>
         <leader>00000nz  a2200169   4500</leader>
         <controlfield tag="001">30000505</controlfield>
         <controlfield tag="003">RISM</controlfield>
         <controlfield tag="005">20160216</controlfield>
         <controlfield tag="008">160216n||az|||||||##########||||||||||||</controlfield>
         <datafield tag="040" ind1=" " ind2=" ">
            <subfield code="a">CH-C</subfield>
         </datafield>
         <datafield tag="043" ind1=" " ind2=" ">
            <subfield code="c">XA-CH</subfield>
         </datafield>
         <datafield tag="110" ind1="2" ind2=" ">
            <subfield code="a">Kantonsbibliothek Graubünden</subfield>
            <subfield code="c">Chur</subfield>
            <subfield code="g">CH-C</subfield>
         </datafield>
         <datafield tag="410" ind1="2" ind2=" ">
            <subfield code="a">Biblioteca chantunala dal Grischun</subfield>
         </datafield>
         <datafield tag="410" ind1="2" ind2=" ">
            <subfield code="a">Biblioteca cantonale dei Grigioni</subfield>
         </datafield>
         <datafield tag="622" ind1=" " ind2=" ">
            <subfield code="e">Kantonsbibliothek Graubünden, Karlihofplatz, 7001 Chur, Switzerland</subfield>
            <subfield code="u">http://www.gr.ch/DE/institutionen/verwaltung/ekud/afk/kbg/ueberuns/Seiten/Willkommen.aspx</subfield>
         </datafield>
      </record>