
      <record>
         <leader>00000nz  a2200169   4500</leader>
         <controlfield tag="001">30005617</controlfield>
         <controlfield tag="003">RISM</controlfield>
         <controlfield tag="005">20160216</controlfield>
         <controlfield tag="008">160216n||az|||||||##########||||||||||||</controlfield>
         <datafield tag="040" ind1=" " ind2=" ">
            <subfield code="a">CH-CA</subfield>
         </datafield>
         <datafield tag="043" ind1=" " ind2=" ">
            <subfield code="c">XA-CH</subfield>
         </datafield>
         <datafield tag="110" ind1="2" ind2=" ">
            <subfield code="a">Kloster der Dominikanerinnen</subfield>
            <subfield code="c">Cazis</subfield>
            <subfield code="g">CH-CA</subfield>
         </datafield>
         <datafield tag="622" ind1=" " ind2=" ">
            <subfield code="e">Kloster der Dominikanerinnen, CH-7408 Cazis, CH -</subfield>
         </datafield>
      </record>