
      <record>
         <leader>00000nz  a2200169   4500</leader>
         <controlfield tag="001">30000277</controlfield>
         <controlfield tag="003">RISM</controlfield>
         <controlfield tag="005">20160216</controlfield>
         <controlfield tag="008">160216n||az|||||||##########||||||||||||</controlfield>
         <datafield tag="040" ind1=" " ind2=" ">
            <subfield code="a">CH-Ca</subfield>
         </datafield>
         <datafield tag="043" ind1=" " ind2=" ">
            <subfield code="c">XA-CH</subfield>
         </datafield>
         <datafield tag="110" ind1="2" ind2=" ">
            <subfield code="a">Staatsarchiv des Kantons Graubünden</subfield>
            <subfield code="c">Chur</subfield>
            <subfield code="g">CH-Ca</subfield>
         </datafield>
         <datafield tag="410" ind1="2" ind2=" ">
            <subfield code="a">Staatsarchiv Graubünden</subfield>
         </datafield>
         <datafield tag="622" ind1=" " ind2=" ">
            <subfield code="e">Staatsarchiv des Kantons Graubünden, Reichsgasse 37, CH-7001 Chur, CH -</subfield>
            <subfield code="u">http://www.gr.ch</subfield>
         </datafield>
      </record>