
      <record>
         <leader>00000nz  a2200169   4500</leader>
         <controlfield tag="001">30000281</controlfield>
         <controlfield tag="003">RISM</controlfield>
         <controlfield tag="005">20160216</controlfield>
         <controlfield tag="008">160216n||az|||||||##########||||||||||||</controlfield>
         <datafield tag="040" ind1=" " ind2=" ">
            <subfield code="a">CH-CHac</subfield>
         </datafield>
         <datafield tag="043" ind1=" " ind2=" ">
            <subfield code="c">XA-CH</subfield>
         </datafield>
         <datafield tag="110" ind1="2" ind2=" ">
            <subfield code="a">Archives cantonales vaudoises</subfield>
            <subfield code="c">Chavannes-près-Renens</subfield>
            <subfield code="g">CH-CHac</subfield>
         </datafield>
         <datafield tag="510" ind1="2" ind2=" ">
            <subfield code="a">Archives cantonales vaudoises</subfield>
         </datafield>
         <datafield tag="622" ind1=" " ind2=" ">
            <subfield code="e">Archives cantonales vaudoises, Rue de la Mouline 32, 1022 Chavannes-près-Renens, Switzerland</subfield>
            <subfield code="u">http://www.patrimoine.vd.ch/fr/archives-cantonales</subfield>
         </datafield>
      </record>