
      <record>
         <leader>00000nz  a2200169   4500</leader>
         <controlfield tag="001">30000506</controlfield>
         <controlfield tag="003">RISM</controlfield>
         <controlfield tag="005">20160216</controlfield>
         <controlfield tag="008">160216n||az|||||||##########||||||||||||</controlfield>
         <datafield tag="040" ind1=" " ind2=" ">
            <subfield code="a">CH-CObodmer</subfield>
         </datafield>
         <datafield tag="043" ind1=" " ind2=" ">
            <subfield code="c">XA-CH</subfield>
         </datafield>
         <datafield tag="110" ind1="2" ind2=" ">
            <subfield code="a">Fondation Martin Bodmer, Bibliotheca Bodmeriana</subfield>
            <subfield code="c">Cologny-Genève</subfield>
            <subfield code="g">CH-CObodmer</subfield>
         </datafield>
         <datafield tag="622" ind1=" " ind2=" ">
            <subfield code="e">Fondation Martin Bodmer, Bibliotheca, Bodmeriana, 19-21, Route du Guignard, Ch-1223, Cologny-Genève, CH -</subfield>
         </datafield>
      </record>