
      <record>
         <leader>00000nz  a2200169   4500</leader>
         <controlfield tag="001">30000507</controlfield>
         <controlfield tag="003">RISM</controlfield>
         <controlfield tag="005">20160216</controlfield>
         <controlfield tag="008">160216n||az|||||||##########||||||||||||</controlfield>
         <datafield tag="040" ind1=" " ind2=" ">
            <subfield code="a">CH-D</subfield>
         </datafield>
         <datafield tag="043" ind1=" " ind2=" ">
            <subfield code="c">XA-CH</subfield>
         </datafield>
         <datafield tag="110" ind1="2" ind2=" ">
            <subfield code="a">Stift Disentis, Musikbibliothek &lt;Disentis&gt;</subfield>
            <subfield code="c">Disentis</subfield>
            <subfield code="g">CH-D</subfield>
         </datafield>
         <datafield tag="410" ind1="2" ind2=" ">
            <subfield code="a">Stift</subfield>
         </datafield>
         <datafield tag="410" ind1="2" ind2=" ">
            <subfield code="a">Musikbibliothek des Stiftes</subfield>
         </datafield>
         <datafield tag="622" ind1=" " ind2=" ">
            <subfield code="e">Stift Disentis, Musikbibliothek, Kloster, CH-7180 Disentis, CH -</subfield>
         </datafield>
      </record>