
      <record>
         <leader>00000nz  a2200169   4500</leader>
         <controlfield tag="001">30000509</controlfield>
         <controlfield tag="003">RISM</controlfield>
         <controlfield tag="005">20160216</controlfield>
         <controlfield tag="008">160216n||az|||||||##########||||||||||||</controlfield>
         <datafield tag="040" ind1=" " ind2=" ">
            <subfield code="a">CH-Fcu</subfield>
         </datafield>
         <datafield tag="043" ind1=" " ind2=" ">
            <subfield code="c">XA-CH</subfield>
         </datafield>
         <datafield tag="110" ind1="2" ind2=" ">
            <subfield code="a">Bibliothèque cantonale et universitaire &lt;Fribourg&gt;</subfield>
            <subfield code="c">Fribourg</subfield>
            <subfield code="g">CH-Fcu</subfield>
         </datafield>
         <datafield tag="410" ind1="2" ind2=" ">
            <subfield code="a">Universitätsbibliothek</subfield>
         </datafield>
         <datafield tag="622" ind1=" " ind2=" ">
            <subfield code="e">Bibliothèque cantonale et universitaire, Rue Joseph-Piller 2, CH-1700 Fribourg, CH -</subfield>
            <subfield code="u">http://www.fr.ch/bcu</subfield>
         </datafield>
      </record>