
      <record>
         <leader>00000nz  a2200169   4500</leader>
         <controlfield tag="001">30000008</controlfield>
         <controlfield tag="003">RISM</controlfield>
         <controlfield tag="005">20160216</controlfield>
         <controlfield tag="008">160216n||az|||||||##########||||||||||||</controlfield>
         <datafield tag="040" ind1=" " ind2=" ">
            <subfield code="a">CH-FF</subfield>
         </datafield>
         <datafield tag="043" ind1=" " ind2=" ">
            <subfield code="c">XA-CH</subfield>
         </datafield>
         <datafield tag="110" ind1="2" ind2=" ">
            <subfield code="a">Thurgauische Kantonsbibliothek</subfield>
            <subfield code="c">Frauenfeld</subfield>
            <subfield code="g">CH-FF</subfield>
         </datafield>
         <datafield tag="410" ind1="2" ind2=" ">
            <subfield code="a">Kantonsbibliothek</subfield>
         </datafield>
         <datafield tag="622" ind1=" " ind2=" ">
            <subfield code="e">Thurgauische Kantonsbibliothek, Promenadenstrasse 12, 8500 Frauenfeld, Switzerland</subfield>
            <subfield code="u">http://www.kantonsbibliothek.tg.ch/</subfield>
         </datafield>
      </record>