
      <record>
         <leader>00000nz  a2200169   4500</leader>
         <controlfield tag="001">30079405</controlfield>
         <controlfield tag="003">RISM</controlfield>
         <controlfield tag="005">20160216</controlfield>
         <controlfield tag="008">160216n||az|||||||##########||||||||||||</controlfield>
         <datafield tag="040" ind1=" " ind2=" ">
            <subfield code="a">CH-FI</subfield>
         </datafield>
         <datafield tag="043" ind1=" " ind2=" ">
            <subfield code="c">CH</subfield>
         </datafield>
         <datafield tag="110" ind1="2" ind2=" ">
            <subfield code="a">Katholisches Pfarr- und Kirchgemeindearchiv</subfield>
            <subfield code="c">Fischingen TG</subfield>
            <subfield code="g">CH-FI</subfield>
         </datafield>
         <datafield tag="622" ind1=" " ind2=" ">
            <subfield code="e">Katholisches Pfarr- und,  Kirchgemeindearchiv, Pfarramt, 8376 Fischingen TG, Switzerland</subfield>
         </datafield>
      </record>