
      <record>
         <leader>00000nz  a2200169   4500</leader>
         <controlfield tag="001">30002616</controlfield>
         <controlfield tag="003">RISM</controlfield>
         <controlfield tag="005">20160216</controlfield>
         <controlfield tag="008">160216n||az|||||||##########||||||||||||</controlfield>
         <datafield tag="040" ind1=" " ind2=" ">
            <subfield code="a">CH-Fm</subfield>
         </datafield>
         <datafield tag="043" ind1=" " ind2=" ">
            <subfield code="c">XA-CH</subfield>
         </datafield>
         <datafield tag="110" ind1="2" ind2=" ">
            <subfield code="a">Zisterzienserinnenkloster de la Maigrauge, Bibliothek</subfield>
            <subfield code="c">Fribourg</subfield>
            <subfield code="g">CH-Fm</subfield>
         </datafield>
         <datafield tag="410" ind1="2" ind2=" ">
            <subfield code="a">Bibliothèque de la Maigrauge</subfield>
         </datafield>
         <datafield tag="622" ind1=" " ind2=" ">
            <subfield code="e">Zisterzienserinnenkloster de la, Maigrauge, Bibliothek, Chemin de l'abbaye, CH-1700 Fribourg, CH -</subfield>
         </datafield>
      </record>