
      <record>
         <leader>00000nz  a2200169   4500</leader>
         <controlfield tag="001">30000513</controlfield>
         <controlfield tag="003">RISM</controlfield>
         <controlfield tag="005">20160216</controlfield>
         <controlfield tag="008">160216n||az|||||||##########||||||||||||</controlfield>
         <datafield tag="040" ind1=" " ind2=" ">
            <subfield code="a">CH-Fsn</subfield>
         </datafield>
         <datafield tag="043" ind1=" " ind2=" ">
            <subfield code="c">XA-CH</subfield>
         </datafield>
         <datafield tag="110" ind1="2" ind2=" ">
            <subfield code="a">Archives et Bibliothéque du Chapître &lt;Fribourg&gt;</subfield>
            <subfield code="c">Fribourg</subfield>
            <subfield code="g">CH-Fsn</subfield>
         </datafield>
         <datafield tag="410" ind1="2" ind2=" ">
            <subfield code="a">Kapitel St. Nikolaus</subfield>
         </datafield>
         <datafield tag="410" ind1="2" ind2=" ">
            <subfield code="a">Cathédrale St-Nicolas</subfield>
         </datafield>
         <datafield tag="622" ind1=" " ind2=" ">
            <subfield code="e">Archives et Bibliothéque du Chapître, CH-1700 Fribourg, CH -</subfield>
         </datafield>
      </record>