
      <record>
         <leader>00000nz  a2200169   4500</leader>
         <controlfield tag="001">30000234</controlfield>
         <controlfield tag="003">RISM</controlfield>
         <controlfield tag="005">20160216</controlfield>
         <controlfield tag="008">160216n||az|||||||##########||||||||||||</controlfield>
         <datafield tag="040" ind1=" " ind2=" ">
            <subfield code="a">CH-Gc</subfield>
         </datafield>
         <datafield tag="043" ind1=" " ind2=" ">
            <subfield code="c">XA-CH</subfield>
         </datafield>
         <datafield tag="110" ind1="2" ind2=" ">
            <subfield code="a">Conservatoire de Musique, Bibliothèque</subfield>
            <subfield code="c">Genève</subfield>
            <subfield code="g">CH-Gc</subfield>
         </datafield>
         <datafield tag="410" ind1="2" ind2=" ">
            <subfield code="a">Bibliothèque du Conservatoire</subfield>
         </datafield>
         <datafield tag="410" ind1="2" ind2=" ">
            <subfield code="a">Conservatoire de Musique</subfield>
         </datafield>
         <datafield tag="410" ind1="2" ind2=" ">
            <subfield code="a">Bibliothèque du Conservatoire de Musique</subfield>
         </datafield>
         <datafield tag="622" ind1=" " ind2=" ">
            <subfield code="e">Conservatoire de Musique, Bibliothèque, Place Neuve, CH-1204 Genève, CH -</subfield>
            <subfield code="u">http://www.cmusge.ch</subfield>
         </datafield>
      </record>