
      <record>
         <leader>00000nz  a2200169   4500</leader>
         <controlfield tag="001">30076332</controlfield>
         <controlfield tag="003">RISM</controlfield>
         <controlfield tag="005">20160216</controlfield>
         <controlfield tag="008">160216n||az|||||||##########||||||||||||</controlfield>
         <datafield tag="040" ind1=" " ind2=" ">
            <subfield code="a">CH-Gijd</subfield>
         </datafield>
         <datafield tag="043" ind1=" " ind2=" ">
            <subfield code="c">XA-CH</subfield>
         </datafield>
         <datafield tag="110" ind1="2" ind2=" ">
            <subfield code="a">Institut Jaques-Dalcroze</subfield>
            <subfield code="c">Genève</subfield>
            <subfield code="g">CH-Gijd</subfield>
         </datafield>
         <datafield tag="622" ind1=" " ind2=" ">
            <subfield code="e">Institut Jaques-Dalcroze, Rue de la Terrassière 44, CH -  1211 Genève 6 Eaux-Vives</subfield>
            <subfield code="u">http://www.dalcroze.ch</subfield>
         </datafield>
      </record>