
      <record>
         <leader>00000nz  a2200169   4500</leader>
         <controlfield tag="001">30078181</controlfield>
         <controlfield tag="003">RISM</controlfield>
         <controlfield tag="005">20160216</controlfield>
         <controlfield tag="008">160216n||az|||||||##########||||||||||||</controlfield>
         <datafield tag="040" ind1=" " ind2=" ">
            <subfield code="a">CH-Gimv</subfield>
         </datafield>
         <datafield tag="043" ind1=" " ind2=" ">
            <subfield code="c">CH</subfield>
         </datafield>
         <datafield tag="110" ind1="2" ind2=" ">
            <subfield code="a">Institut et Musée Voltaire, bibliothèque</subfield>
            <subfield code="c">Genève</subfield>
            <subfield code="g">CH-Gimv</subfield>
         </datafield>
         <datafield tag="622" ind1=" " ind2=" ">
            <subfield code="e">Institut et Musée Voltaire, bibliothèque, Rue des Délices 25, 1203 Genève, Switzerland</subfield>
            <subfield code="u">http://www.ville-ge.ch/bge/imv/index.html</subfield>
         </datafield>
      </record>