
      <record>
         <leader>00000nz  a2200169   4500</leader>
         <controlfield tag="001">30000246</controlfield>
         <controlfield tag="003">RISM</controlfield>
         <controlfield tag="005">20160216</controlfield>
         <controlfield tag="008">160216n||az|||||||##########||||||||||||</controlfield>
         <datafield tag="040" ind1=" " ind2=" ">
            <subfield code="a">CH-GLs</subfield>
         </datafield>
         <datafield tag="043" ind1=" " ind2=" ">
            <subfield code="c">XA-CH</subfield>
         </datafield>
         <datafield tag="110" ind1="2" ind2=" ">
            <subfield code="a">Landesbibliothek des Kantons Glarus</subfield>
            <subfield code="c">Glarus</subfield>
            <subfield code="g">CH-GLs</subfield>
         </datafield>
         <datafield tag="410" ind1="2" ind2=" ">
            <subfield code="a">Staatsarchiv und Landesbibliothek</subfield>
         </datafield>
         <datafield tag="622" ind1=" " ind2=" ">
            <subfield code="e">Landesbibliothek des Kantons Glarus, Hauptstrasse 60, CH-8750 Glarus, CH -</subfield>
            <subfield code="u">http://www.landesbibliothek.gl.ch</subfield>
         </datafield>
      </record>