
      <record>
         <leader>00000nz  a2200169   4500</leader>
         <controlfield tag="001">30061591</controlfield>
         <controlfield tag="003">RISM</controlfield>
         <controlfield tag="005">20160216</controlfield>
         <controlfield tag="008">160216n||az|||||||##########||||||||||||</controlfield>
         <datafield tag="040" ind1=" " ind2=" ">
            <subfield code="a">CH-Gmu</subfield>
         </datafield>
         <datafield tag="043" ind1=" " ind2=" ">
            <subfield code="c">XA-CH</subfield>
         </datafield>
         <datafield tag="110" ind1="2" ind2=" ">
            <subfield code="a">Bibliothèque musicale de la Ville de Genève</subfield>
            <subfield code="c">Genève</subfield>
            <subfield code="g">CH-Gmu</subfield>
         </datafield>
         <datafield tag="622" ind1=" " ind2=" ">
            <subfield code="e">Bibliothèque musicale de la Ville de, Genève, Maison des arts du Grütli, Rue du Général-Dufour 16, 1204 Genève, Switzerland</subfield>
            <subfield code="u">http://www.ville-ge.ch/bge/bmus/index.htm</subfield>
         </datafield>
      </record>