
      <record>
         <leader>00000nz  a2200169   4500</leader>
         <controlfield tag="001">30000516</controlfield>
         <controlfield tag="003">RISM</controlfield>
         <controlfield tag="005">20160216</controlfield>
         <controlfield tag="008">160216n||az|||||||##########||||||||||||</controlfield>
         <datafield tag="040" ind1=" " ind2=" ">
            <subfield code="a">CH-Gpu</subfield>
         </datafield>
         <datafield tag="043" ind1=" " ind2=" ">
            <subfield code="c">XA-CH</subfield>
         </datafield>
         <datafield tag="110" ind1="2" ind2=" ">
            <subfield code="a">Bibliothèque de Genève</subfield>
            <subfield code="c">Genève</subfield>
            <subfield code="g">CH-Gpu</subfield>
         </datafield>
         <datafield tag="410" ind1="2" ind2=" ">
            <subfield code="a">Bibliothèque universitaire</subfield>
         </datafield>
         <datafield tag="410" ind1="2" ind2=" ">
            <subfield code="a">Bibliothèque publique et universitaire</subfield>
         </datafield>
         <datafield tag="622" ind1=" " ind2=" ">
            <subfield code="e">Bibliothèque de Genève, Promenade des Bastions 1, 1211 Genève 4, Switzerland</subfield>
            <subfield code="u">http://www.ville-ge.ch/bge</subfield>
         </datafield>
      </record>