
      <record>
         <leader>00000nz  a2200169   4500</leader>
         <controlfield tag="001">30076333</controlfield>
         <controlfield tag="003">RISM</controlfield>
         <controlfield tag="005">20160216</controlfield>
         <controlfield tag="008">160216n||az|||||||##########||||||||||||</controlfield>
         <datafield tag="040" ind1=" " ind2=" ">
            <subfield code="a">CH-Gsfm</subfield>
         </datafield>
         <datafield tag="043" ind1=" " ind2=" ">
            <subfield code="c">XA-CH</subfield>
         </datafield>
         <datafield tag="110" ind1="2" ind2=" ">
            <subfield code="a">Société Frank Martin</subfield>
            <subfield code="c">Genève</subfield>
            <subfield code="g">CH-Gsfm</subfield>
         </datafield>
         <datafield tag="622" ind1=" " ind2=" ">
            <subfield code="e">Société Frank Martin, Rue de l'Hotel de Ville 16, CH -  1204 Genève</subfield>
            <subfield code="u">http://www.frankmartin.org</subfield>
         </datafield>
      </record>