
      <record>
         <leader>00000nz  a2200169   4500</leader>
         <controlfield tag="001">30005552</controlfield>
         <controlfield tag="003">RISM</controlfield>
         <controlfield tag="005">20160216</controlfield>
         <controlfield tag="008">160216n||az|||||||##########||||||||||||</controlfield>
         <datafield tag="040" ind1=" " ind2=" ">
            <subfield code="a">CH-Gsr</subfield>
         </datafield>
         <datafield tag="043" ind1=" " ind2=" ">
            <subfield code="c">XA-CH</subfield>
         </datafield>
         <datafield tag="110" ind1="2" ind2=" ">
            <subfield code="a">Société Jean-Jacques Rousseau &lt;Genève&gt;</subfield>
            <subfield code="c">Genève</subfield>
            <subfield code="g">CH-Gsr</subfield>
         </datafield>
         <datafield tag="622" ind1=" " ind2=" ">
            <subfield code="e">Société J. J. Rousseau, CH-Genève (=Genf), CH -</subfield>
            <subfield code="u">http://www.jjrousseau.org</subfield>
         </datafield>
      </record>