
      <record>
         <leader>00000nz  a2200169   4500</leader>
         <controlfield tag="001">30000519</controlfield>
         <controlfield tag="003">RISM</controlfield>
         <controlfield tag="005">20160216</controlfield>
         <controlfield tag="008">160216n||az|||||||##########||||||||||||</controlfield>
         <datafield tag="040" ind1=" " ind2=" ">
            <subfield code="a">CH-H</subfield>
         </datafield>
         <datafield tag="043" ind1=" " ind2=" ">
            <subfield code="c">XA-CH</subfield>
         </datafield>
         <datafield tag="110" ind1="2" ind2=" ">
            <subfield code="a">Ortsmuseum</subfield>
            <subfield code="c">Hallau</subfield>
            <subfield code="g">CH-H</subfield>
         </datafield>
         <datafield tag="622" ind1=" " ind2=" ">
            <subfield code="e">Ortsmuseum, CH-8215 Hallau, CH -</subfield>
         </datafield>
      </record>