
      <record>
         <leader>00000nz  a2200169   4500</leader>
         <controlfield tag="001">30000009</controlfield>
         <controlfield tag="003">RISM</controlfield>
         <controlfield tag="005">20160216</controlfield>
         <controlfield tag="008">160216n||az|||||||##########||||||||||||</controlfield>
         <datafield tag="040" ind1=" " ind2=" ">
            <subfield code="a">CH-HE</subfield>
         </datafield>
         <datafield tag="043" ind1=" " ind2=" ">
            <subfield code="c">XA-CH</subfield>
         </datafield>
         <datafield tag="110" ind1="2" ind2=" ">
            <subfield code="a">St. Martin</subfield>
            <subfield code="c">Hermetschwil</subfield>
            <subfield code="g">CH-HE</subfield>
         </datafield>
         <datafield tag="410" ind1="2" ind2=" ">
            <subfield code="a">Benediktinerinnenkloster St. Martin</subfield>
         </datafield>
         <datafield tag="622" ind1=" " ind2=" ">
            <subfield code="e">St. Martin, Benediktinerinnenkloster St. Martin, CH, -5604 Hermetschwil, CH -</subfield>
         </datafield>
      </record>