
      <record>
         <leader>00000nz  a2200169   4500</leader>
         <controlfield tag="001">30000280</controlfield>
         <controlfield tag="003">RISM</controlfield>
         <controlfield tag="005">20160216</controlfield>
         <controlfield tag="008">160216n||az|||||||##########||||||||||||</controlfield>
         <datafield tag="040" ind1=" " ind2=" ">
            <subfield code="a">CH-ITgugger</subfield>
         </datafield>
         <datafield tag="043" ind1=" " ind2=" ">
            <subfield code="c">XA-CH</subfield>
         </datafield>
         <datafield tag="110" ind1="2" ind2=" ">
            <subfield code="a">Privatbibliothek Dr. Hans Gugger &lt;Ittigen&gt;</subfield>
            <subfield code="c">Ittigen</subfield>
            <subfield code="g">CH-ITgugger</subfield>
         </datafield>
         <datafield tag="622" ind1=" " ind2=" ">
            <subfield code="e">Privatbibliothek Dr. Hans Gugger, Zulligerstrasse 10, Ch-3063 Ittigen, CH -</subfield>
         </datafield>
      </record>