
      <record>
         <leader>00000nz  a2200169   4500</leader>
         <controlfield tag="001">30076336</controlfield>
         <controlfield tag="003">RISM</controlfield>
         <controlfield tag="005">20160216</controlfield>
         <controlfield tag="008">160216n||az|||||||##########||||||||||||</controlfield>
         <datafield tag="040" ind1=" " ind2=" ">
            <subfield code="a">CH-LAavl</subfield>
         </datafield>
         <datafield tag="043" ind1=" " ind2=" ">
            <subfield code="c">XA-CH</subfield>
         </datafield>
         <datafield tag="110" ind1="2" ind2=" ">
            <subfield code="a">Bibliothèque et Archives de la Ville</subfield>
            <subfield code="c">Lausanne</subfield>
            <subfield code="g">CH-LAavl</subfield>
         </datafield>
         <datafield tag="410" ind1="2" ind2=" ">
            <subfield code="a">Archives de la Ville de Lausanne</subfield>
         </datafield>
         <datafield tag="622" ind1=" " ind2=" ">
            <subfield code="e">Bibliothèque et Archives de la Ville, Place Chauderon 11, CH -  1003 Lausanne</subfield>
            <subfield code="u">http://www.lausanne.ch</subfield>
         </datafield>
      </record>