
      <record>
         <leader>00000nz  a2200169   4500</leader>
         <controlfield tag="001">30000524</controlfield>
         <controlfield tag="003">RISM</controlfield>
         <controlfield tag="005">20160216</controlfield>
         <controlfield tag="008">160216n||az|||||||##########||||||||||||</controlfield>
         <datafield tag="040" ind1=" " ind2=" ">
            <subfield code="a">CH-LAc</subfield>
         </datafield>
         <datafield tag="043" ind1=" " ind2=" ">
            <subfield code="c">XA-CH</subfield>
         </datafield>
         <datafield tag="110" ind1="2" ind2=" ">
            <subfield code="a">Conservatoire de Lausanne, Bibliothèque</subfield>
            <subfield code="c">Lausanne</subfield>
            <subfield code="g">CH-LAc</subfield>
         </datafield>
         <datafield tag="410" ind1="2" ind2=" ">
            <subfield code="a">Bibliothèque du Conservatoire de Musique</subfield>
         </datafield>
         <datafield tag="580" ind1=" " ind2=" ">
            <subfield code="x">CH-LAcu</subfield>
            <subfield code="0">30000526</subfield>
         </datafield>
         <datafield tag="622" ind1=" " ind2=" ">
            <subfield code="e">Conservatoire de Lausanne, Bibliothèque, Rue de la Grotte 2, Postfach 5700, 1002 Lausanne, Switzerland</subfield>
            <subfield code="u">http://biblio.hemu-cl.ch/</subfield>
         </datafield>
      </record>