
      <record>
         <leader>00000nz  a2200169   4500</leader>
         <controlfield tag="001">30000526</controlfield>
         <controlfield tag="003">RISM</controlfield>
         <controlfield tag="005">20160216</controlfield>
         <controlfield tag="008">160216n||az|||||||##########||||||||||||</controlfield>
         <datafield tag="040" ind1=" " ind2=" ">
            <subfield code="a">CH-LAcu</subfield>
         </datafield>
         <datafield tag="043" ind1=" " ind2=" ">
            <subfield code="c">XA-CH</subfield>
         </datafield>
         <datafield tag="110" ind1="2" ind2=" ">
            <subfield code="a">Bibliothèque cantonale et universitaire</subfield>
            <subfield code="c">Lausanne</subfield>
            <subfield code="g">CH-LAcu</subfield>
         </datafield>
         <datafield tag="622" ind1=" " ind2=" ">
            <subfield code="e">Bibliothèque cantonale et universitaire, Place de la Riponne 6, 1014 Lausanne, Switzerland</subfield>
            <subfield code="u">http://www.unil.ch/bcu</subfield>
         </datafield>
      </record>