
      <record>
         <leader>00000nz  a2200169   4500</leader>
         <controlfield tag="001">30002646</controlfield>
         <controlfield tag="003">RISM</controlfield>
         <controlfield tag="005">20160216</controlfield>
         <controlfield tag="008">160216n||az|||||||##########||||||||||||</controlfield>
         <datafield tag="040" ind1=" " ind2=" ">
            <subfield code="a">CH-LAp</subfield>
         </datafield>
         <datafield tag="043" ind1=" " ind2=" ">
            <subfield code="c">XA-CH</subfield>
         </datafield>
         <datafield tag="110" ind1="2" ind2=" ">
            <subfield code="a">Bibliothèque de la Faculté de Théologie de l'Église évangélique libre du canton de Vaud</subfield>
            <subfield code="c">Lausanne</subfield>
            <subfield code="g">CH-LAp</subfield>
         </datafield>
         <datafield tag="410" ind1="2" ind2=" ">
            <subfield code="a">La Faculté Libre de Théologie, Bibliothèque des pasteurs</subfield>
         </datafield>
         <datafield tag="580" ind1=" " ind2=" ">
            <subfield code="x">CH-LAcu</subfield>
            <subfield code="0">30000526</subfield>
         </datafield>
         <datafield tag="622" ind1=" " ind2=" ">
            <subfield code="e">Bibliothèque de la Faculté de Théologie,  de l'Église évangélique libre du canton,  de Vaud, Chemin des Cèdres 7, 1000 Lausanne, Switzerland</subfield>
         </datafield>
      </record>