
      <record>
         <leader>00000nz  a2200169   4500</leader>
         <controlfield tag="001">30077524</controlfield>
         <controlfield tag="003">RISM</controlfield>
         <controlfield tag="005">20160216</controlfield>
         <controlfield tag="008">160216n||az|||||||##########||||||||||||</controlfield>
         <datafield tag="040" ind1=" " ind2=" ">
            <subfield code="a">CH-Lbhlm</subfield>
         </datafield>
         <datafield tag="043" ind1=" " ind2=" ">
            <subfield code="c">CH</subfield>
         </datafield>
         <datafield tag="110" ind1="2" ind2=" ">
            <subfield code="a">Bibliothek der Hochschule Luzern - Musik</subfield>
            <subfield code="c">Luzern</subfield>
            <subfield code="g">CH-Lbhlm</subfield>
         </datafield>
         <datafield tag="622" ind1=" " ind2=" ">
            <subfield code="e">Bibliothek der Hochschule Luzern - Musik, Zentralstrasse 18, 6003 Luzern, Switzerland</subfield>
            <subfield code="u">http://www.hslu.ch/musik.htm</subfield>
         </datafield>
      </record>