
      <record>
         <leader>00000nz  a2200169   4500</leader>
         <controlfield tag="001">30076339</controlfield>
         <controlfield tag="003">RISM</controlfield>
         <controlfield tag="005">20160216</controlfield>
         <controlfield tag="008">160216n||az|||||||##########||||||||||||</controlfield>
         <datafield tag="040" ind1=" " ind2=" ">
            <subfield code="a">CH-LEm</subfield>
         </datafield>
         <datafield tag="043" ind1=" " ind2=" ">
            <subfield code="c">XA-CH</subfield>
         </datafield>
         <datafield tag="110" ind1="2" ind2=" ">
            <subfield code="a">Peter Mieg-Stiftung</subfield>
            <subfield code="c">Lenzburg</subfield>
            <subfield code="g">CH-LEm</subfield>
         </datafield>
         <datafield tag="622" ind1=" " ind2=" ">
            <subfield code="e">Peter Mieg-Stiftung, Schlossgasse 50, CH -  5600  Lenzburg</subfield>
            <subfield code="u">http://www.petermieg.ch</subfield>
         </datafield>
      </record>