
      <record>
         <leader>00000nz  a2200169   4500</leader>
         <controlfield tag="001">30000520</controlfield>
         <controlfield tag="003">RISM</controlfield>
         <controlfield tag="005">20160216</controlfield>
         <controlfield tag="008">160216n||az|||||||##########||||||||||||</controlfield>
         <datafield tag="040" ind1=" " ind2=" ">
            <subfield code="a">CH-Lmg</subfield>
         </datafield>
         <datafield tag="043" ind1=" " ind2=" ">
            <subfield code="c">XA-CH</subfield>
         </datafield>
         <datafield tag="110" ind1="2" ind2=" ">
            <subfield code="a">Allgemeine Musikalische Gesellschaft</subfield>
            <subfield code="c">Luzern</subfield>
            <subfield code="g">CH-Lmg</subfield>
         </datafield>
         <datafield tag="580" ind1=" " ind2=" ">
            <subfield code="x">CH-Lz</subfield>
            <subfield code="0">30000523</subfield>
         </datafield>
      </record>