
      <record>
         <leader>00000nz  a2200169   4500</leader>
         <controlfield tag="001">30080443</controlfield>
         <controlfield tag="003">RISM</controlfield>
         <controlfield tag="005">20160216</controlfield>
         <controlfield tag="008">160216n||az|||||||##########||||||||||||</controlfield>
         <datafield tag="040" ind1=" " ind2=" ">
            <subfield code="a">CH-LObc</subfield>
         </datafield>
         <datafield tag="043" ind1=" " ind2=" ">
            <subfield code="c">XA-CH</subfield>
         </datafield>
         <datafield tag="110" ind1="2" ind2=" ">
            <subfield code="a">Biblioteca cantonale di Locarno</subfield>
            <subfield code="c">Locarno</subfield>
            <subfield code="g">CH-LObc</subfield>
         </datafield>
         <datafield tag="622" ind1=" " ind2=" ">
            <subfield code="e">Biblioteca cantonale di Locarno, Palazzo Morettini, Via Cappuccini 12, 6600  Locarno, Switzerland</subfield>
            <subfield code="u">http://www.sbt.ti.ch/bclo/index.jsp?m=ini6</subfield>
         </datafield>
      </record>