
      <record>
         <leader>00000nz  a2200169   4500</leader>
         <controlfield tag="001">30000528</controlfield>
         <controlfield tag="003">RISM</controlfield>
         <controlfield tag="005">20160216</controlfield>
         <controlfield tag="008">160216n||az|||||||##########||||||||||||</controlfield>
         <datafield tag="040" ind1=" " ind2=" ">
            <subfield code="a">CH-LU</subfield>
         </datafield>
         <datafield tag="043" ind1=" " ind2=" ">
            <subfield code="c">XA-CH</subfield>
         </datafield>
         <datafield tag="110" ind1="2" ind2=" ">
            <subfield code="a">Biblioteca cantonale</subfield>
            <subfield code="c">Lugano</subfield>
            <subfield code="g">CH-LU</subfield>
         </datafield>
         <datafield tag="622" ind1=" " ind2=" ">
            <subfield code="e">Biblioteca cantonale, Viale Cattaneo 4, CH-6900 Lugano, CH -</subfield>
         </datafield>
      </record>