
      <record>
         <leader>00000nz  a2200169   4500</leader>
         <controlfield tag="001">30002645</controlfield>
         <controlfield tag="003">RISM</controlfield>
         <controlfield tag="005">20160216</controlfield>
         <controlfield tag="008">160216n||az|||||||##########||||||||||||</controlfield>
         <datafield tag="040" ind1=" " ind2=" ">
            <subfield code="a">CH-Lw</subfield>
         </datafield>
         <datafield tag="043" ind1=" " ind2=" ">
            <subfield code="c">XA-CH</subfield>
         </datafield>
         <datafield tag="110" ind1="2" ind2=" ">
            <subfield code="a">Provinzarchiv Schweizer Kapuziner</subfield>
            <subfield code="c">Luzern</subfield>
            <subfield code="g">CH-Lw</subfield>
         </datafield>
         <datafield tag="410" ind1="2" ind2=" ">
            <subfield code="a">Bibliothek des Kapuzinerklosters Wesemlin und Archiv der schweizerischen Kapuziner-Provinz</subfield>
         </datafield>
         <datafield tag="622" ind1=" " ind2=" ">
            <subfield code="e">Provinzarchiv Schweizer Kapuziner, Wesemlinstr. 42, 6006 Luzern, Switzerland</subfield>
            <subfield code="u">http://www.kapuziner.de/sprov/de/archive_bibliothek/index.php?navid=76</subfield>
         </datafield>
      </record>