
      <record>
         <leader>00000nz  a2200169   4500</leader>
         <controlfield tag="001">30000523</controlfield>
         <controlfield tag="003">RISM</controlfield>
         <controlfield tag="005">20160216</controlfield>
         <controlfield tag="008">160216n||az|||||||##########||||||||||||</controlfield>
         <datafield tag="040" ind1=" " ind2=" ">
            <subfield code="a">CH-Lz</subfield>
         </datafield>
         <datafield tag="043" ind1=" " ind2=" ">
            <subfield code="c">XA-CH</subfield>
         </datafield>
         <datafield tag="110" ind1="2" ind2=" ">
            <subfield code="a">Zentral- und Hochschulbibliothek</subfield>
            <subfield code="c">Luzern</subfield>
            <subfield code="g">CH-Lz</subfield>
         </datafield>
         <datafield tag="410" ind1="2" ind2=" ">
            <subfield code="a">früher: Kantonale Bibliothek</subfield>
         </datafield>
         <datafield tag="410" ind1="2" ind2=" ">
            <subfield code="a">Zentralbibliothek</subfield>
         </datafield>
         <datafield tag="410" ind1="2" ind2=" ">
            <subfield code="a">früher: Kantonsbibliothek und Bürgerbibliothek</subfield>
         </datafield>
         <datafield tag="622" ind1=" " ind2=" ">
            <subfield code="e">Zentral- und Hochschulbibliothek, Sempacherstrasse 10, 6002 Luzern, Switzerland</subfield>
            <subfield code="u">http://www.zhbluzern.ch/index.cfm</subfield>
         </datafield>
      </record>