
      <record>
         <leader>00000nz  a2200169   4500</leader>
         <controlfield tag="001">30000529</controlfield>
         <controlfield tag="003">RISM</controlfield>
         <controlfield tag="005">20160216</controlfield>
         <controlfield tag="008">160216n||az|||||||##########||||||||||||</controlfield>
         <datafield tag="040" ind1=" " ind2=" ">
            <subfield code="a">CH-Mbernegg</subfield>
         </datafield>
         <datafield tag="043" ind1=" " ind2=" ">
            <subfield code="c">XA-CH</subfield>
         </datafield>
         <datafield tag="110" ind1="2" ind2=" ">
            <subfield code="a">Privatbibliothek Sprecher von Bernegg</subfield>
            <subfield code="c">Maienfeld</subfield>
            <subfield code="g">CH-Mbernegg</subfield>
         </datafield>
         <datafield tag="410" ind1="2" ind2=" ">
            <subfield code="a">Sprecher von Bernegg, private collection</subfield>
         </datafield>
         <datafield tag="622" ind1=" " ind2=" ">
            <subfield code="e">Privatbibliothek Sprecher von Bernegg, Sprecherhaus, CH-7304 Maienfeld, CH -</subfield>
         </datafield>
      </record>