
      <record>
         <leader>00000nz  a2200169   4500</leader>
         <controlfield tag="001">30077516</controlfield>
         <controlfield tag="003">RISM</controlfield>
         <controlfield tag="005">20160216</controlfield>
         <controlfield tag="008">160216n||az|||||||##########||||||||||||</controlfield>
         <datafield tag="040" ind1=" " ind2=" ">
            <subfield code="a">CH-MENschlegel</subfield>
         </datafield>
         <datafield tag="043" ind1=" " ind2=" ">
            <subfield code="c">CH</subfield>
         </datafield>
         <datafield tag="110" ind1="2" ind2=" ">
            <subfield code="a">Privatbibliothek Andreas Schlegel</subfield>
            <subfield code="c">Menziken</subfield>
            <subfield code="g">CH-MENschlegel</subfield>
         </datafield>
         <datafield tag="622" ind1=" " ind2=" ">
            <subfield code="e">Privatbibliothek Andreas Schlegel, 5737 Menziken, Switzerland</subfield>
            <subfield code="u">http://www.accordsnouveaux.ch/</subfield>
         </datafield>
      </record>