
      <record>
         <leader>00000nz  a2200169   4500</leader>
         <controlfield tag="001">30000530</controlfield>
         <controlfield tag="003">RISM</controlfield>
         <controlfield tag="005">20160216</controlfield>
         <controlfield tag="008">160216n||az|||||||##########||||||||||||</controlfield>
         <datafield tag="040" ind1=" " ind2=" ">
            <subfield code="a">CH-MO</subfield>
         </datafield>
         <datafield tag="043" ind1=" " ind2=" ">
            <subfield code="c">XA-CH</subfield>
         </datafield>
         <datafield tag="110" ind1="2" ind2=" ">
            <subfield code="a">Archives Culturelles Romandes &lt;Morges&gt;</subfield>
            <subfield code="c">Morges</subfield>
            <subfield code="g">CH-MO</subfield>
         </datafield>
         <datafield tag="410" ind1="2" ind2=" ">
            <subfield code="a">Bibliothèque de la Ville</subfield>
         </datafield>
         <datafield tag="622" ind1=" " ind2=" ">
            <subfield code="e">Archives Culturelles Romandes, Place Casino, CH-1110 Morges, CH -</subfield>
         </datafield>
      </record>