
      <record>
         <leader>00000nz  a2200169   4500</leader>
         <controlfield tag="001">30080675</controlfield>
         <controlfield tag="003">RISM</controlfield>
         <controlfield tag="005">20160216</controlfield>
         <controlfield tag="008">160216n||az|||||||##########||||||||||||</controlfield>
         <datafield tag="040" ind1=" " ind2=" ">
            <subfield code="a">CH-MOUac</subfield>
         </datafield>
         <datafield tag="043" ind1=" " ind2=" ">
            <subfield code="c">XA-CH</subfield>
         </datafield>
         <datafield tag="110" ind1="2" ind2=" ">
            <subfield code="a">Archives Communales</subfield>
            <subfield code="c">Moudon</subfield>
            <subfield code="g">CH-MOUac</subfield>
         </datafield>
         <datafield tag="622" ind1=" " ind2=" ">
            <subfield code="e">Archives Communales, Place de l'Hôtel de Ville 1, 1510 Moudon, Switzerland</subfield>
            <subfield code="u">http://www.moudon.ch/fr/page.asp</subfield>
         </datafield>
      </record>