
      <record>
         <leader>00000nz  a2200169   4500</leader>
         <controlfield tag="001">30000219</controlfield>
         <controlfield tag="003">RISM</controlfield>
         <controlfield tag="005">20160216</controlfield>
         <controlfield tag="008">160216n||az|||||||##########||||||||||||</controlfield>
         <datafield tag="040" ind1=" " ind2=" ">
            <subfield code="a">CH-MSbk</subfield>
         </datafield>
         <datafield tag="043" ind1=" " ind2=" ">
            <subfield code="c">XA-CH</subfield>
         </datafield>
         <datafield tag="110" ind1="2" ind2=" ">
            <subfield code="a">Benediktinerkloster &lt;Mariastein&gt;</subfield>
            <subfield code="c">Mariastein</subfield>
            <subfield code="g">CH-MSbk</subfield>
         </datafield>
         <datafield tag="410" ind1="2" ind2=" ">
            <subfield code="a">Bibliotheca Patrum OSB</subfield>
         </datafield>
         <datafield tag="622" ind1=" " ind2=" ">
            <subfield code="e">Benediktinerkloster, CH-4115 Mariastein (bei Basel), CH -</subfield>
            <subfield code="u">http://www.kloster-mariastein.ch/</subfield>
         </datafield>
      </record>