
      <record>
         <leader>00000nz  a2200169   4500</leader>
         <controlfield tag="001">30000010</controlfield>
         <controlfield tag="003">RISM</controlfield>
         <controlfield tag="005">20160216</controlfield>
         <controlfield tag="008">160216n||az|||||||##########||||||||||||</controlfield>
         <datafield tag="040" ind1=" " ind2=" ">
            <subfield code="a">CH-MÜ</subfield>
         </datafield>
         <datafield tag="043" ind1=" " ind2=" ">
            <subfield code="c">XA-CH</subfield>
         </datafield>
         <datafield tag="110" ind1="2" ind2=" ">
            <subfield code="a">Frauenkloster St. Johann</subfield>
            <subfield code="c">Müstair</subfield>
            <subfield code="g">CH-MÜ</subfield>
         </datafield>
         <datafield tag="622" ind1=" " ind2=" ">
            <subfield code="e">Frauenkloster St. Johann, 7537 Müstair, Switzerland</subfield>
            <subfield code="u">http://www.kath.de/gruenewald/kloster/muestair.htm</subfield>
         </datafield>
      </record>