
      <record>
         <leader>00000nz  a2200169   4500</leader>
         <controlfield tag="001">30000233</controlfield>
         <controlfield tag="003">RISM</controlfield>
         <controlfield tag="005">20160216</controlfield>
         <controlfield tag="008">160216n||az|||||||##########||||||||||||</controlfield>
         <datafield tag="040" ind1=" " ind2=" ">
            <subfield code="a">CH-N</subfield>
         </datafield>
         <datafield tag="043" ind1=" " ind2=" ">
            <subfield code="c">XA-CH</subfield>
         </datafield>
         <datafield tag="110" ind1="2" ind2=" ">
            <subfield code="a">Bibliothèque publique et universitaire de Neuchâtel &lt;Neuchâtel&gt;</subfield>
            <subfield code="c">Neuchâtel</subfield>
            <subfield code="g">CH-N</subfield>
         </datafield>
         <datafield tag="410" ind1="2" ind2=" ">
            <subfield code="a">Bibliothèque Publique</subfield>
         </datafield>
         <datafield tag="410" ind1="2" ind2=" ">
            <subfield code="a">Bibliothèque de la Ville</subfield>
         </datafield>
         <datafield tag="410" ind1="2" ind2=" ">
            <subfield code="a">Bibliothèque Publique de la Ville</subfield>
         </datafield>
         <datafield tag="410" ind1="2" ind2=" ">
            <subfield code="a">Bibliothèque Publique et Universitaire</subfield>
         </datafield>
         <datafield tag="622" ind1=" " ind2=" ">
            <subfield code="e">Bibliothèque publique et universitaire, de Neuchâtel, Place Numa-Droz 3, CH-2000 Neuchâtel, CH -</subfield>
            <subfield code="u">http://bpun.unine.ch/</subfield>
         </datafield>
      </record>