
      <record>
         <leader>00000nz  a2200169   4500</leader>
         <controlfield tag="001">30000282</controlfield>
         <controlfield tag="003">RISM</controlfield>
         <controlfield tag="005">20160216</controlfield>
         <controlfield tag="008">160216n||az|||||||##########||||||||||||</controlfield>
         <datafield tag="040" ind1=" " ind2=" ">
            <subfield code="a">CH-Nmah</subfield>
         </datafield>
         <datafield tag="043" ind1=" " ind2=" ">
            <subfield code="c">XA-CH</subfield>
         </datafield>
         <datafield tag="110" ind1="2" ind2=" ">
            <subfield code="a">Musée d'Art et d'Histoire</subfield>
            <subfield code="c">Neuchâtel</subfield>
            <subfield code="g">CH-Nmah</subfield>
         </datafield>
         <datafield tag="622" ind1=" " ind2=" ">
            <subfield code="e">Musée d'Art et d'Histoire, Quai Léopard-Robert 1, CH-2000, Neuchâtel (=Neuenburg), CH -</subfield>
            <subfield code="u">http://www.mahn.ch</subfield>
         </datafield>
      </record>