
      <record>
         <leader>00000nz  a2200169   4500</leader>
         <controlfield tag="001">30000278</controlfield>
         <controlfield tag="003">RISM</controlfield>
         <controlfield tag="005">20160216</controlfield>
         <controlfield tag="008">160216n||az|||||||##########||||||||||||</controlfield>
         <datafield tag="040" ind1=" " ind2=" ">
            <subfield code="a">CH-NSJp</subfield>
         </datafield>
         <datafield tag="043" ind1=" " ind2=" ">
            <subfield code="c">XA-CH</subfield>
         </datafield>
         <datafield tag="110" ind1="2" ind2=" ">
            <subfield code="a">Katholische Pfarrgemeinde &lt;Neu St. Johann&gt;</subfield>
            <subfield code="c">Neu St. Johann</subfield>
            <subfield code="g">CH-NSJp</subfield>
         </datafield>
         <datafield tag="410" ind1="2" ind2=" ">
            <subfield code="a">ehemalige Benediktinerabtei</subfield>
         </datafield>
         <datafield tag="622" ind1=" " ind2=" ">
            <subfield code="e">Katholische Pfarrgemeinde, CH-9652 Neu St. Johann, CH -</subfield>
         </datafield>
         <datafield tag="710" ind1="2" ind2=" ">
            <subfield code="a">Katholische Pfarrgemeinde &lt;Neu St. Johann&gt;</subfield>
            <subfield code="0">30000278</subfield>
         </datafield>
      </record>