
      <record>
         <leader>00000nz  a2200169   4500</leader>
         <controlfield tag="001">30002624</controlfield>
         <controlfield tag="003">RISM</controlfield>
         <controlfield tag="005">20160216</controlfield>
         <controlfield tag="008">160216n||az|||||||##########||||||||||||</controlfield>
         <datafield tag="040" ind1=" " ind2=" ">
            <subfield code="a">CH-Nsp</subfield>
         </datafield>
         <datafield tag="043" ind1=" " ind2=" ">
            <subfield code="c">XA-CH</subfield>
         </datafield>
         <datafield tag="110" ind1="2" ind2=" ">
            <subfield code="a">Bibliothèque de la Societé des Pasteurs</subfield>
            <subfield code="c">Neuchâtel</subfield>
            <subfield code="g">CH-Nsp</subfield>
         </datafield>
         <datafield tag="622" ind1=" " ind2=" ">
            <subfield code="e">Bibliothèque de la Societé des Pasteur, Faubourg de l'Hôstpital 41, CH-2000, Neuchâtel (=Neuenburg), CH -</subfield>
         </datafield>
      </record>