
      <record>
         <leader>00000nz  a2200169   4500</leader>
         <controlfield tag="001">30080410</controlfield>
         <controlfield tag="003">RISM</controlfield>
         <controlfield tag="005">20160216</controlfield>
         <controlfield tag="008">160216n||az|||||||##########||||||||||||</controlfield>
         <datafield tag="040" ind1=" " ind2=" ">
            <subfield code="a">CH-NYan</subfield>
         </datafield>
         <datafield tag="043" ind1=" " ind2=" ">
            <subfield code="c">CH</subfield>
         </datafield>
         <datafield tag="110" ind1="2" ind2=" ">
            <subfield code="a">Association Niedermeyer - Centre de documentation</subfield>
            <subfield code="c">Nyon</subfield>
            <subfield code="g">CH-NYan</subfield>
         </datafield>
         <datafield tag="410" ind1="2" ind2=" ">
            <subfield code="a">Centre Niedermeyer</subfield>
         </datafield>
         <datafield tag="622" ind1=" " ind2=" ">
            <subfield code="e">Association Niedermeyer - Centre de,  documentation, Villa Niedermeyer, 6, rte de Genève, Case postale 1117, 1260 Nyon 1, Switzerland</subfield>
            <subfield code="u">http://www.niedermeyer-nyon.ch/</subfield>
         </datafield>
      </record>