
      <record>
         <leader>00000nz  a2200169   4500</leader>
         <controlfield tag="001">30000283</controlfield>
         <controlfield tag="003">RISM</controlfield>
         <controlfield tag="005">20160216</controlfield>
         <controlfield tag="008">160216n||az|||||||##########||||||||||||</controlfield>
         <datafield tag="040" ind1=" " ind2=" ">
            <subfield code="a">CH-OLsa</subfield>
         </datafield>
         <datafield tag="043" ind1=" " ind2=" ">
            <subfield code="c">XA-CH</subfield>
         </datafield>
         <datafield tag="110" ind1="2" ind2=" ">
            <subfield code="a">Stadtarchiv</subfield>
            <subfield code="c">Olten</subfield>
            <subfield code="g">CH-OLsa</subfield>
         </datafield>
         <datafield tag="622" ind1=" " ind2=" ">
            <subfield code="e">Stadtarchiv, Dornacherstrasse 1, CH-4600 Olten, CH -</subfield>
            <subfield code="u">http://www.stadtarchiv-olten.ch</subfield>
         </datafield>
      </record>