
      <record>
         <leader>00000nz  a2200169   4500</leader>
         <controlfield tag="001">30077410</controlfield>
         <controlfield tag="003">RISM</controlfield>
         <controlfield tag="005">20160216</controlfield>
         <controlfield tag="008">160216n||az|||||||##########||||||||||||</controlfield>
         <datafield tag="040" ind1=" " ind2=" ">
            <subfield code="a">CH-OR</subfield>
         </datafield>
         <datafield tag="043" ind1=" " ind2=" ">
            <subfield code="c">CH</subfield>
         </datafield>
         <datafield tag="110" ind1="2" ind2=" ">
            <subfield code="a">Convento della Madonna del Sasso, Biblioteca</subfield>
            <subfield code="c">Orselina</subfield>
            <subfield code="g">CH-OR</subfield>
         </datafield>
         <datafield tag="622" ind1=" " ind2=" ">
            <subfield code="e">Convento della Madonna del Sasso,,  Biblioteca, 6644 Orselina, Switzerland</subfield>
         </datafield>
      </record>