
      <record>
         <leader>00000nz  a2200169   4500</leader>
         <controlfield tag="001">30000531</controlfield>
         <controlfield tag="003">RISM</controlfield>
         <controlfield tag="005">20160216</controlfield>
         <controlfield tag="008">160216n||az|||||||##########||||||||||||</controlfield>
         <datafield tag="040" ind1=" " ind2=" ">
            <subfield code="a">CH-P</subfield>
         </datafield>
         <datafield tag="043" ind1=" " ind2=" ">
            <subfield code="c">XA-CH</subfield>
         </datafield>
         <datafield tag="110" ind1="2" ind2=" ">
            <subfield code="a">Bibliothèque cantonale jurasienne (incl. Bibliothèque du lycée cantonal)</subfield>
            <subfield code="c">Porrentruy</subfield>
            <subfield code="g">CH-P</subfield>
         </datafield>
         <datafield tag="410" ind1="2" ind2=" ">
            <subfield code="a">Bibliothèque générale de l'École cantonale</subfield>
         </datafield>
         <datafield tag="622" ind1=" " ind2=" ">
            <subfield code="e">Bibliothèque cantonale jurasienne, (incl. Bibliothèque du lycée cantonal), Rue Pierre Pequignat 8, Hôtel des, Halles, CH-2900 Porrentruy, CH -</subfield>
         </datafield>
      </record>