
      <record>
         <leader>00000nz  a2200169   4500</leader>
         <controlfield tag="001">30000122</controlfield>
         <controlfield tag="003">RISM</controlfield>
         <controlfield tag="005">20160216</controlfield>
         <controlfield tag="008">160216n||az|||||||##########||||||||||||</controlfield>
         <datafield tag="040" ind1=" " ind2=" ">
            <subfield code="a">CH-R</subfield>
         </datafield>
         <datafield tag="043" ind1=" " ind2=" ">
            <subfield code="c">XA-CH</subfield>
         </datafield>
         <datafield tag="110" ind1="2" ind2=" ">
            <subfield code="a">Christkatholisches Pfarramt</subfield>
            <subfield code="c">Rheinfelden</subfield>
            <subfield code="g">CH-R</subfield>
         </datafield>
         <datafield tag="410" ind1="2" ind2=" ">
            <subfield code="a">Ehemaliges Chorherrenstift St. Martin, Bibliothek</subfield>
         </datafield>
         <datafield tag="622" ind1=" " ind2=" ">
            <subfield code="e">Christkatholisches Pfarramt, Kirchgässli 2, CH-4319 Rheinfelden, CH -</subfield>
         </datafield>
      </record>