
      <record>
         <leader>00000nz  a2200169   4500</leader>
         <controlfield tag="001">30002651</controlfield>
         <controlfield tag="003">RISM</controlfield>
         <controlfield tag="005">20160216</controlfield>
         <controlfield tag="008">160216n||az|||||||##########||||||||||||</controlfield>
         <datafield tag="040" ind1=" " ind2=" ">
            <subfield code="a">CH-RAMwieland</subfield>
         </datafield>
         <datafield tag="043" ind1=" " ind2=" ">
            <subfield code="c">XA-CH</subfield>
         </datafield>
         <datafield tag="110" ind1="2" ind2=" ">
            <subfield code="a">Privatbibliothek Pfarrer C. Wieland &lt;Ramosch&gt;</subfield>
            <subfield code="c">Ramosch</subfield>
            <subfield code="g">CH-RAMwieland</subfield>
         </datafield>
         <datafield tag="622" ind1=" " ind2=" ">
            <subfield code="e">Privatbibliothek Pfarrer C. Wieland, Ramosch, CH -</subfield>
         </datafield>
      </record>