
      <record>
         <leader>00000nz  a2200169   4500</leader>
         <controlfield tag="001">30000232</controlfield>
         <controlfield tag="003">RISM</controlfield>
         <controlfield tag="005">20160216</controlfield>
         <controlfield tag="008">160216n||az|||||||##########||||||||||||</controlfield>
         <datafield tag="040" ind1=" " ind2=" ">
            <subfield code="a">CH-Sa</subfield>
         </datafield>
         <datafield tag="043" ind1=" " ind2=" ">
            <subfield code="c">XA-CH</subfield>
         </datafield>
         <datafield tag="110" ind1="2" ind2=" ">
            <subfield code="a">Staatsarchiv des Kantons Wallis &lt;Sion&gt;</subfield>
            <subfield code="c">Sion</subfield>
            <subfield code="g">CH-Sa</subfield>
         </datafield>
         <datafield tag="410" ind1="2" ind2=" ">
            <subfield code="a">Staatsarchiv</subfield>
         </datafield>
         <datafield tag="622" ind1=" " ind2=" ">
            <subfield code="e">Staatsarchiv des Kanton Wallis, 9, rue des Vergers, CH-1951 Sion, (=Sitten)</subfield>
         </datafield>
      </record>