
      <record>
         <leader>00000nz  a2200169   4500</leader>
         <controlfield tag="001">30000011</controlfield>
         <controlfield tag="003">RISM</controlfield>
         <controlfield tag="005">20160216</controlfield>
         <controlfield tag="008">160216n||az|||||||##########||||||||||||</controlfield>
         <datafield tag="040" ind1=" " ind2=" ">
            <subfield code="a">CH-SAf</subfield>
         </datafield>
         <datafield tag="043" ind1=" " ind2=" ">
            <subfield code="c">XA-CH</subfield>
         </datafield>
         <datafield tag="110" ind1="2" ind2=" ">
            <subfield code="a">Benediktinerinnen-Abtei St. Andreas &lt;Sarnen&gt;</subfield>
            <subfield code="c">Sarnen</subfield>
            <subfield code="g">CH-SAf</subfield>
         </datafield>
         <datafield tag="410" ind1="2" ind2=" ">
            <subfield code="a">Frauenkloster</subfield>
         </datafield>
         <datafield tag="410" ind1="2" ind2=" ">
            <subfield code="a">Bibliothek des Frauenklosters St. Andreas</subfield>
         </datafield>
         <datafield tag="622" ind1=" " ind2=" ">
            <subfield code="e">Benediktinerinnen-Abtei St. Andreas, Brünigstr. 157, CH-6060 Sarnen, CH -</subfield>
         </datafield>
      </record>