
      <record>
         <leader>00000nz  a2200169   4500</leader>
         <controlfield tag="001">30000294</controlfield>
         <controlfield tag="003">RISM</controlfield>
         <controlfield tag="005">20160216</controlfield>
         <controlfield tag="008">160216n||az|||||||##########||||||||||||</controlfield>
         <datafield tag="040" ind1=" " ind2=" ">
            <subfield code="a">CH-SAM</subfield>
         </datafield>
         <datafield tag="043" ind1=" " ind2=" ">
            <subfield code="c">XA-CH</subfield>
         </datafield>
         <datafield tag="110" ind1="2" ind2=" ">
            <subfield code="a">Biblioteca Fundaziun Planta &lt;Samedan&gt;</subfield>
            <subfield code="c">Samedan</subfield>
            <subfield code="g">CH-SAM</subfield>
         </datafield>
         <datafield tag="410" ind1="2" ind2=" ">
            <subfield code="a">Bibliothek der Chesa Planta</subfield>
         </datafield>
         <datafield tag="622" ind1=" " ind2=" ">
            <subfield code="e">Biblioteca Fundaziun Planta, Mulins 2, CH-7503 Samedan, CH -</subfield>
         </datafield>
      </record>