
      <record>
         <leader>00000nz  a2200169   4500</leader>
         <controlfield tag="001">30000213</controlfield>
         <controlfield tag="003">RISM</controlfield>
         <controlfield tag="005">20160216</controlfield>
         <controlfield tag="008">160216n||az|||||||##########||||||||||||</controlfield>
         <datafield tag="040" ind1=" " ind2=" ">
            <subfield code="a">CH-SGd</subfield>
         </datafield>
         <datafield tag="043" ind1=" " ind2=" ">
            <subfield code="c">XA-CH</subfield>
         </datafield>
         <datafield tag="110" ind1="2" ind2=" ">
            <subfield code="a">Domchorarchiv</subfield>
            <subfield code="c">St. Gallen</subfield>
            <subfield code="g">CH-SGd</subfield>
         </datafield>
         <datafield tag="622" ind1=" " ind2=" ">
            <subfield code="e">Domchorarchiv, Klosterhof 6b, CH-9000 St. Gallen, CH -</subfield>
         </datafield>
      </record>