
      <record>
         <leader>00000nz  a2200169   4500</leader>
         <controlfield tag="001">30000538</controlfield>
         <controlfield tag="003">RISM</controlfield>
         <controlfield tag="005">20160216</controlfield>
         <controlfield tag="008">160216n||az|||||||##########||||||||||||</controlfield>
         <datafield tag="040" ind1=" " ind2=" ">
            <subfield code="a">CH-SGv</subfield>
         </datafield>
         <datafield tag="043" ind1=" " ind2=" ">
            <subfield code="c">XA-CH</subfield>
         </datafield>
         <datafield tag="110" ind1="2" ind2=" ">
            <subfield code="a">Kantonsbibliothek (Vadiana)</subfield>
            <subfield code="c">St. Gallen</subfield>
            <subfield code="g">CH-SGv</subfield>
         </datafield>
         <datafield tag="410" ind1="2" ind2=" ">
            <subfield code="a">Stadtbibliothek (Vadiana)</subfield>
         </datafield>
         <datafield tag="622" ind1=" " ind2=" ">
            <subfield code="e">Kantonsbibliothek (Vadiana), Notkerstrasse 22, 9000 St. Gallen, Switzerland</subfield>
         </datafield>
      </record>