
      <record>
         <leader>00000nz  a2200169   4500</leader>
         <controlfield tag="001">30000276</controlfield>
         <controlfield tag="003">RISM</controlfield>
         <controlfield tag="005">20160216</controlfield>
         <controlfield tag="008">160216n||az|||||||##########||||||||||||</controlfield>
         <datafield tag="040" ind1=" " ind2=" ">
            <subfield code="a">CH-SHa</subfield>
         </datafield>
         <datafield tag="043" ind1=" " ind2=" ">
            <subfield code="c">XA-CH</subfield>
         </datafield>
         <datafield tag="110" ind1="2" ind2=" ">
            <subfield code="a">Staatsarchiv des Kantons Schaffhausen</subfield>
            <subfield code="c">Schaffhausen</subfield>
            <subfield code="g">CH-SHa</subfield>
         </datafield>
         <datafield tag="622" ind1=" " ind2=" ">
            <subfield code="e">Staatsarchiv des Kantons Schaffhausen, Rathausbogen 4, CH-8200 Schaffhausen, CH -</subfield>
            <subfield code="u">http://www.staatsarchiv.sh.ch</subfield>
         </datafield>
      </record>