
      <record>
         <leader>00000nz  a2200169   4500</leader>
         <controlfield tag="001">30000533</controlfield>
         <controlfield tag="003">RISM</controlfield>
         <controlfield tag="005">20160216</controlfield>
         <controlfield tag="008">160216n||az|||||||##########||||||||||||</controlfield>
         <datafield tag="040" ind1=" " ind2=" ">
            <subfield code="a">CH-Sk</subfield>
         </datafield>
         <datafield tag="043" ind1=" " ind2=" ">
            <subfield code="c">XA-CH</subfield>
         </datafield>
         <datafield tag="110" ind1="2" ind2=" ">
            <subfield code="a">Archives du chapitre de la Cathédrale / Kapitel-Archiv &lt;Sion&gt;</subfield>
            <subfield code="c">Sion</subfield>
            <subfield code="g">CH-Sk</subfield>
         </datafield>
         <datafield tag="410" ind1="2" ind2=" ">
            <subfield code="a">Kathedrale</subfield>
         </datafield>
         <datafield tag="410" ind1="2" ind2=" ">
            <subfield code="a">Kapitelarchiv</subfield>
         </datafield>
         <datafield tag="410" ind1="2" ind2=" ">
            <subfield code="a">Kathedrale Sitten</subfield>
         </datafield>
         <datafield tag="622" ind1=" " ind2=" ">
            <subfield code="e">Archives du chapitre de la Cathédrale /, Kapitel-Archiv, Place de la Cathédrale 1, CH-1950 Sion, (=Sitten), CH -</subfield>
         </datafield>
      </record>