
      <record>
         <leader>00000nz  a2200169   4500</leader>
         <controlfield tag="001">30000539</controlfield>
         <controlfield tag="003">RISM</controlfield>
         <controlfield tag="005">20160216</controlfield>
         <controlfield tag="008">160216n||az|||||||##########||||||||||||</controlfield>
         <datafield tag="040" ind1=" " ind2=" ">
            <subfield code="a">CH-SM</subfield>
         </datafield>
         <datafield tag="043" ind1=" " ind2=" ">
            <subfield code="c">XA-CH</subfield>
         </datafield>
         <datafield tag="110" ind1="2" ind2=" ">
            <subfield code="a">Bibliothèque de l'Abbaye</subfield>
            <subfield code="c">Saint-Maurice</subfield>
            <subfield code="g">CH-SM</subfield>
         </datafield>
         <datafield tag="622" ind1=" " ind2=" ">
            <subfield code="e">Bibliothèque de l'Abbaye, 1890 Saint-Maurice, Switzerland</subfield>
         </datafield>
      </record>