
      <record>
         <leader>00000nz  a2200169   4500</leader>
         <controlfield tag="001">30000012</controlfield>
         <controlfield tag="003">RISM</controlfield>
         <controlfield tag="005">20160216</controlfield>
         <controlfield tag="008">160216n||az|||||||##########||||||||||||</controlfield>
         <datafield tag="040" ind1=" " ind2=" ">
            <subfield code="a">CH-SO</subfield>
         </datafield>
         <datafield tag="043" ind1=" " ind2=" ">
            <subfield code="c">XA-CH</subfield>
         </datafield>
         <datafield tag="110" ind1="2" ind2=" ">
            <subfield code="a">Zentralbibliothek, Historische Musiksammlung</subfield>
            <subfield code="c">Solothurn</subfield>
            <subfield code="g">CH-SO</subfield>
         </datafield>
         <datafield tag="410" ind1="2" ind2=" ">
            <subfield code="a">früher: Kantonsbibliothek und Stadtbibliothek</subfield>
         </datafield>
         <datafield tag="622" ind1=" " ind2=" ">
            <subfield code="e">Zentralbibliothek, Historische, Musiksammlung, Bielstrasse 39, 4502 Solothurn, Switzerland</subfield>
            <subfield code="u">http://www.zbsolothurn.ch/</subfield>
         </datafield>
      </record>