
      <record>
         <leader>00000nz  a2200169   4500</leader>
         <controlfield tag="001">30005638</controlfield>
         <controlfield tag="003">RISM</controlfield>
         <controlfield tag="005">20160216</controlfield>
         <controlfield tag="008">160216n||az|||||||##########||||||||||||</controlfield>
         <datafield tag="040" ind1=" " ind2=" ">
            <subfield code="a">CH-SOa</subfield>
         </datafield>
         <datafield tag="043" ind1=" " ind2=" ">
            <subfield code="c">XA-CH</subfield>
         </datafield>
         <datafield tag="110" ind1="2" ind2=" ">
            <subfield code="a">Staatsarchiv des Kanton Solothurn</subfield>
            <subfield code="c">Solothurn</subfield>
            <subfield code="g">CH-SOa</subfield>
         </datafield>
         <datafield tag="622" ind1=" " ind2=" ">
            <subfield code="e">Staatsarchiv des Kanton Solothurn, CH-Solothurn, CH -</subfield>
         </datafield>
      </record>