
      <record>
         <leader>00000nz  a2200169   4500</leader>
         <controlfield tag="001">30000542</controlfield>
         <controlfield tag="003">RISM</controlfield>
         <controlfield tag="005">20160216</controlfield>
         <controlfield tag="008">160216n||az|||||||##########||||||||||||</controlfield>
         <datafield tag="040" ind1=" " ind2=" ">
            <subfield code="a">CH-SObo</subfield>
         </datafield>
         <datafield tag="043" ind1=" " ind2=" ">
            <subfield code="c">XA-CH</subfield>
         </datafield>
         <datafield tag="110" ind1="2" ind2=" ">
            <subfield code="a">Bischöfliches Ordinariat der Diözese Basel, Diözesanarchiv des Bistums Basel</subfield>
            <subfield code="c">Solothurn</subfield>
            <subfield code="g">CH-SObo</subfield>
         </datafield>
         <datafield tag="622" ind1=" " ind2=" ">
            <subfield code="e">Bischöfliches Ordinariat der Diözese, Basel, Diözesanarchiv des Bistums Basel, Baselstrasse 58, CH-4500 Solothurn, CH -</subfield>
         </datafield>
      </record>