
      <record>
         <leader>00000nz  a2200169   4500</leader>
         <controlfield tag="001">30002658</controlfield>
         <controlfield tag="003">RISM</controlfield>
         <controlfield tag="005">20160216</controlfield>
         <controlfield tag="008">160216n||az|||||||##########||||||||||||</controlfield>
         <datafield tag="040" ind1=" " ind2=" ">
            <subfield code="a">CH-USbodmer</subfield>
         </datafield>
         <datafield tag="043" ind1=" " ind2=" ">
            <subfield code="c">XA-CH</subfield>
         </datafield>
         <datafield tag="110" ind1="2" ind2=" ">
            <subfield code="a">Privatsammlung Musiklehrer W. Bodmer</subfield>
            <subfield code="c">Uster</subfield>
            <subfield code="g">CH-USbodmer</subfield>
         </datafield>
         <datafield tag="622" ind1=" " ind2=" ">
            <subfield code="e">Privatsammlung Musiklehrer W. Bodmer, Uster, CH -</subfield>
         </datafield>
      </record>