
      <record>
         <leader>00000nz  a2200169   4500</leader>
         <controlfield tag="001">30000013</controlfield>
         <controlfield tag="003">RISM</controlfield>
         <controlfield tag="005">20160216</controlfield>
         <controlfield tag="008">160216n||az|||||||##########||||||||||||</controlfield>
         <datafield tag="040" ind1=" " ind2=" ">
            <subfield code="a">CH-W</subfield>
         </datafield>
         <datafield tag="043" ind1=" " ind2=" ">
            <subfield code="c">XA-CH</subfield>
         </datafield>
         <datafield tag="110" ind1="2" ind2=" ">
            <subfield code="a">Winterthurer Bibliotheken, Studienbibliothek</subfield>
            <subfield code="c">Winterthur</subfield>
            <subfield code="g">CH-W</subfield>
         </datafield>
         <datafield tag="410" ind1="2" ind2=" ">
            <subfield code="a">früher: Bürgerbibliothek</subfield>
         </datafield>
         <datafield tag="410" ind1="2" ind2=" ">
            <subfield code="a">Stadtbibliothek</subfield>
         </datafield>
         <datafield tag="622" ind1=" " ind2=" ">
            <subfield code="e">Winterthurer Bibliotheken,,  Studienbibliothek, Museumstrasse 52, 8402 Winterthur, Switzerland</subfield>
            <subfield code="u">http://bibliotheken.winterthur.ch/studienbibliothek/oeffnungszeiten-kontakt/</subfield>
         </datafield>
      </record>