
      <record>
         <leader>00000nz  a2200169   4500</leader>
         <controlfield tag="001">30002625</controlfield>
         <controlfield tag="003">RISM</controlfield>
         <controlfield tag="005">20160216</controlfield>
         <controlfield tag="008">160216n||az|||||||##########||||||||||||</controlfield>
         <datafield tag="040" ind1=" " ind2=" ">
            <subfield code="a">CH-WEE</subfield>
         </datafield>
         <datafield tag="043" ind1=" " ind2=" ">
            <subfield code="c">XA-CH</subfield>
         </datafield>
         <datafield tag="110" ind1="2" ind2=" ">
            <subfield code="a">Bibliothek des Dominikanerinnenklosters Maria Zuflucht</subfield>
            <subfield code="c">Weesen</subfield>
            <subfield code="g">CH-WEE</subfield>
         </datafield>
         <datafield tag="410" ind1="2" ind2=" ">
            <subfield code="a">Bibliothek des Dominikanerklosters Maria Zuflucht</subfield>
         </datafield>
         <datafield tag="622" ind1=" " ind2=" ">
            <subfield code="e">Bibliothek des Dominikanerinnenklosters, Maria Zuflucht, CH-8872 Weesen, CH -</subfield>
         </datafield>
      </record>