
      <record>
         <leader>00000nz  a2200169   4500</leader>
         <controlfield tag="001">30002660</controlfield>
         <controlfield tag="003">RISM</controlfield>
         <controlfield tag="005">20160216</controlfield>
         <controlfield tag="008">160216n||az|||||||##########||||||||||||</controlfield>
         <datafield tag="040" ind1=" " ind2=" ">
            <subfield code="a">CH-WEsieber</subfield>
         </datafield>
         <datafield tag="043" ind1=" " ind2=" ">
            <subfield code="c">XA-CH</subfield>
         </datafield>
         <datafield tag="110" ind1="2" ind2=" ">
            <subfield code="a">Privatbibliothek Pfarrer Th. Sieber</subfield>
            <subfield code="c">Weinfelden</subfield>
            <subfield code="g">CH-WEsieber</subfield>
         </datafield>
         <datafield tag="622" ind1=" " ind2=" ">
            <subfield code="e">Privatbibliothek Pfarrer Th. Sieber, Weinfelden, CH -</subfield>
         </datafield>
      </record>