
      <record>
         <leader>00000nz  a2200169   4500</leader>
         <controlfield tag="001">30000544</controlfield>
         <controlfield tag="003">RISM</controlfield>
         <controlfield tag="005">20160216</controlfield>
         <controlfield tag="008">160216n||az|||||||##########||||||||||||</controlfield>
         <datafield tag="040" ind1=" " ind2=" ">
            <subfield code="a">CH-Wk</subfield>
         </datafield>
         <datafield tag="043" ind1=" " ind2=" ">
            <subfield code="c">XA-CH</subfield>
         </datafield>
         <datafield tag="110" ind1="2" ind2=" ">
            <subfield code="a">Konservatorium</subfield>
            <subfield code="c">Winterthur</subfield>
            <subfield code="g">CH-Wk</subfield>
         </datafield>
         <datafield tag="622" ind1=" " ind2=" ">
            <subfield code="e">Konservatorium, Tössertobelstrasse 1, CH-8400 Winterthu, CH -</subfield>
         </datafield>
      </record>