
      <record>
         <leader>00000nz  a2200169   4500</leader>
         <controlfield tag="001">30078021</controlfield>
         <controlfield tag="003">RISM</controlfield>
         <controlfield tag="005">20160216</controlfield>
         <controlfield tag="008">160216n||az|||||||##########||||||||||||</controlfield>
         <datafield tag="040" ind1=" " ind2=" ">
            <subfield code="a">CH-Wmka</subfield>
         </datafield>
         <datafield tag="043" ind1=" " ind2=" ">
            <subfield code="c">CH</subfield>
         </datafield>
         <datafield tag="110" ind1="2" ind2=" ">
            <subfield code="a">Musikkollegium, Archiv</subfield>
            <subfield code="c">Winterthur</subfield>
            <subfield code="g">CH-Wmka</subfield>
         </datafield>
         <datafield tag="580" ind1=" " ind2=" ">
            <subfield code="x">CH-W</subfield>
            <subfield code="0">30000013</subfield>
         </datafield>
         <datafield tag="622" ind1=" " ind2=" ">
            <subfield code="u">http://www.musikkollegium.ch/de.html</subfield>
         </datafield>
      </record>