
      <record>
         <leader>00000nz  a2200169   4500</leader>
         <controlfield tag="001">30002659</controlfield>
         <controlfield tag="003">RISM</controlfield>
         <controlfield tag="005">20160216</controlfield>
         <controlfield tag="008">160216n||az|||||||##########||||||||||||</controlfield>
         <datafield tag="040" ind1=" " ind2=" ">
            <subfield code="a">CH-Wnievergelt</subfield>
         </datafield>
         <datafield tag="043" ind1=" " ind2=" ">
            <subfield code="c">XA-CH</subfield>
         </datafield>
         <datafield tag="110" ind1="2" ind2=" ">
            <subfield code="a">Privatbibliothek Dr. Edwin Nievergelt &lt;Winterthur&gt;</subfield>
            <subfield code="c">Winterthur</subfield>
            <subfield code="g">CH-Wnievergelt</subfield>
         </datafield>
         <datafield tag="622" ind1=" " ind2=" ">
            <subfield code="e">Privatbibliothek Dr. Edwin Nievergelt, Winterthur, CH -</subfield>
         </datafield>
      </record>