
      <record>
         <leader>00000nz  a2200169   4500</leader>
         <controlfield tag="001">30000545</controlfield>
         <controlfield tag="003">RISM</controlfield>
         <controlfield tag="005">20160216</controlfield>
         <controlfield tag="008">160216n||az|||||||##########||||||||||||</controlfield>
         <datafield tag="040" ind1=" " ind2=" ">
            <subfield code="a">CH-Wpeer</subfield>
         </datafield>
         <datafield tag="043" ind1=" " ind2=" ">
            <subfield code="c">XA-CH</subfield>
         </datafield>
         <datafield tag="110" ind1="2" ind2=" ">
            <subfield code="a">Privatbibliothek Prof. Dr. A. Peer</subfield>
            <subfield code="c">Winterthur</subfield>
            <subfield code="g">CH-Wpeer</subfield>
         </datafield>
         <datafield tag="410" ind1="2" ind2=" ">
            <subfield code="a">Peer private collection</subfield>
         </datafield>
         <datafield tag="580" ind1=" " ind2=" ">
            <subfield code="x">CH-C</subfield>
            <subfield code="0">30000505</subfield>
         </datafield>
      </record>