
      <record>
         <leader>00000nz  a2200169   4500</leader>
         <controlfield tag="001">30002667</controlfield>
         <controlfield tag="003">RISM</controlfield>
         <controlfield tag="005">20160216</controlfield>
         <controlfield tag="008">160216n||az|||||||##########||||||||||||</controlfield>
         <datafield tag="040" ind1=" " ind2=" ">
            <subfield code="a">CH-ZGk</subfield>
         </datafield>
         <datafield tag="043" ind1=" " ind2=" ">
            <subfield code="c">XA-CH</subfield>
         </datafield>
         <datafield tag="110" ind1="2" ind2=" ">
            <subfield code="a">Kantonsbibliothek</subfield>
            <subfield code="c">Zug</subfield>
            <subfield code="g">CH-ZGk</subfield>
         </datafield>
         <datafield tag="580" ind1=" " ind2=" ">
            <subfield code="x">CH-ZGs</subfield>
            <subfield code="0">30000557</subfield>
         </datafield>
      </record>