
      <record>
         <leader>00000nz  a2200169   4500</leader>
         <controlfield tag="001">30000220</controlfield>
         <controlfield tag="003">RISM</controlfield>
         <controlfield tag="005">20160216</controlfield>
         <controlfield tag="008">160216n||az|||||||##########||||||||||||</controlfield>
         <datafield tag="040" ind1=" " ind2=" ">
            <subfield code="a">CH-ZGm</subfield>
         </datafield>
         <datafield tag="043" ind1=" " ind2=" ">
            <subfield code="c">XA-CH</subfield>
         </datafield>
         <datafield tag="110" ind1="2" ind2=" ">
            <subfield code="a">Pfarrarchiv St. Michael</subfield>
            <subfield code="c">Zug</subfield>
            <subfield code="g">CH-ZGm</subfield>
         </datafield>
         <datafield tag="622" ind1=" " ind2=" ">
            <subfield code="e">Pfarrarchiv St. Michael, Katholisches Pfarramt St. Michael,, Kirchenstrasse 17, CH-6300 Zug, CH -</subfield>
         </datafield>
      </record>