
      <record>
         <leader>00000nz  a2200169   4500</leader>
         <controlfield tag="001">30000557</controlfield>
         <controlfield tag="003">RISM</controlfield>
         <controlfield tag="005">20160216</controlfield>
         <controlfield tag="008">160216n||az|||||||##########||||||||||||</controlfield>
         <datafield tag="040" ind1=" " ind2=" ">
            <subfield code="a">CH-ZGs</subfield>
         </datafield>
         <datafield tag="043" ind1=" " ind2=" ">
            <subfield code="c">XA-CH</subfield>
         </datafield>
         <datafield tag="110" ind1="2" ind2=" ">
            <subfield code="a">Stadt- und Kantonsbibliothek</subfield>
            <subfield code="c">Zug</subfield>
            <subfield code="g">CH-ZGs</subfield>
         </datafield>
         <datafield tag="410" ind1="2" ind2=" ">
            <subfield code="a">Stadtbibliothek</subfield>
         </datafield>
         <datafield tag="622" ind1=" " ind2=" ">
            <subfield code="e">Stadt- und Kantonsbibliothek, St.-Oswalds-Gasse 21, 6301 Zug, Switzerland</subfield>
            <subfield code="u">http://www.bibliothekzug.ch/de/</subfield>
         </datafield>
      </record>