
      <record>
         <leader>00000nz  a2200169   4500</leader>
         <controlfield tag="001">30002663</controlfield>
         <controlfield tag="003">RISM</controlfield>
         <controlfield tag="005">20160216</controlfield>
         <controlfield tag="008">160216n||az|||||||##########||||||||||||</controlfield>
         <datafield tag="040" ind1=" " ind2=" ">
            <subfield code="a">CH-Zjoelson</subfield>
         </datafield>
         <datafield tag="043" ind1=" " ind2=" ">
            <subfield code="c">XA-CH</subfield>
         </datafield>
         <datafield tag="110" ind1="2" ind2=" ">
            <subfield code="a">Privatbibliothek Harry Joelson</subfield>
            <subfield code="c">Zürich</subfield>
            <subfield code="g">CH-Zjoelson</subfield>
         </datafield>
         <datafield tag="622" ind1=" " ind2=" ">
            <subfield code="e">Privatbibliothek Harry Joelson, Harry Joelson-Strohbach, c/o, Stadtbibliothek Winterthur,, Museumsstrasse 52, CH-8401 Winterthur, CH -</subfield>
         </datafield>
      </record>