
      <record>
         <leader>00000nz  a2200169   4500</leader>
         <controlfield tag="001">30000551</controlfield>
         <controlfield tag="003">RISM</controlfield>
         <controlfield tag="005">20160216</controlfield>
         <controlfield tag="008">160216n||az|||||||##########||||||||||||</controlfield>
         <datafield tag="040" ind1=" " ind2=" ">
            <subfield code="a">CH-Zk</subfield>
         </datafield>
         <datafield tag="043" ind1=" " ind2=" ">
            <subfield code="c">XA-CH</subfield>
         </datafield>
         <datafield tag="110" ind1="2" ind2=" ">
            <subfield code="a">Konservatorium und Musikhochschule, Bibliothek &lt;Zürich&gt;</subfield>
            <subfield code="c">Zürich</subfield>
            <subfield code="g">CH-Zk</subfield>
         </datafield>
         <datafield tag="410" ind1="2" ind2=" ">
            <subfield code="a">Konservatorium und Musikhochschule</subfield>
         </datafield>
         <datafield tag="410" ind1="2" ind2=" ">
            <subfield code="a">Bibliothek des Konservatoriums</subfield>
         </datafield>
         <datafield tag="622" ind1=" " ind2=" ">
            <subfield code="e">Konservatorium und Musikhochschule,, Bibliothek, Florhofgasse 6, CH-8001 Zürich, CH -</subfield>
         </datafield>
      </record>