
      <record>
         <leader>00000nz  a2200169   4500</leader>
         <controlfield tag="001">30000552</controlfield>
         <controlfield tag="003">RISM</controlfield>
         <controlfield tag="005">20160216</controlfield>
         <controlfield tag="008">160216n||az|||||||##########||||||||||||</controlfield>
         <datafield tag="040" ind1=" " ind2=" ">
            <subfield code="a">CH-Zma</subfield>
         </datafield>
         <datafield tag="043" ind1=" " ind2=" ">
            <subfield code="c">XA-CH</subfield>
         </datafield>
         <datafield tag="110" ind1="2" ind2=" ">
            <subfield code="a">Schweizerisches Musik-Archiv</subfield>
            <subfield code="c">Zürich</subfield>
            <subfield code="g">CH-Zma</subfield>
         </datafield>
         <datafield tag="410" ind1="2" ind2=" ">
            <subfield code="a">Zentralarchiv Schweizerischer Tonkunst</subfield>
         </datafield>
         <datafield tag="580" ind1=" " ind2=" ">
            <subfield code="x">CH-Nf</subfield>
            <subfield code="0">30005664</subfield>
         </datafield>
         <datafield tag="622" ind1=" " ind2=" ">
            <subfield code="e">Schweizerisches Musik-Archiv, Bellariastrasse 82, 8038 Zürich, Switzerland</subfield>
            <subfield code="u">http://www.swissmusic.net/index.php?option=com_suisacontacts&amp;view=suisacontact&amp;task=view&amp;id=1633&amp;Itemid=79&amp;lang=en</subfield>
         </datafield>
      </record>