
      <record>
         <leader>00000nz  a2200169   4500</leader>
         <controlfield tag="001">30000554</controlfield>
         <controlfield tag="003">RISM</controlfield>
         <controlfield tag="005">20160216</controlfield>
         <controlfield tag="008">160216n||az|||||||##########||||||||||||</controlfield>
         <datafield tag="040" ind1=" " ind2=" ">
            <subfield code="a">CH-Zms</subfield>
         </datafield>
         <datafield tag="043" ind1=" " ind2=" ">
            <subfield code="c">XA-CH</subfield>
         </datafield>
         <datafield tag="110" ind1="2" ind2=" ">
            <subfield code="a">Bibliothek des Musikwissenschaftlichen Seminars der Universität</subfield>
            <subfield code="c">Zürich</subfield>
            <subfield code="g">CH-Zms</subfield>
         </datafield>
         <datafield tag="410" ind1="2" ind2=" ">
            <subfield code="a">Bibliothek des musikwissenschaftlichen Seminars</subfield>
         </datafield>
         <datafield tag="410" ind1="2" ind2=" ">
            <subfield code="a">Musikwissenschaftliches Seminar der Universität Zürich</subfield>
         </datafield>
         <datafield tag="622" ind1=" " ind2=" ">
            <subfield code="e">Bibliothek des Musikwissenschaftlichen, Seminars der Universität, Florhofgasse 11, CH-8001 Zürich, CH -</subfield>
         </datafield>
      </record>