
      <record>
         <leader>00000nz  a2200169   4500</leader>
         <controlfield tag="001">30000555</controlfield>
         <controlfield tag="003">RISM</controlfield>
         <controlfield tag="005">20160216</controlfield>
         <controlfield tag="008">160216n||az|||||||##########||||||||||||</controlfield>
         <datafield tag="040" ind1=" " ind2=" ">
            <subfield code="a">CH-Zp</subfield>
         </datafield>
         <datafield tag="043" ind1=" " ind2=" ">
            <subfield code="c">XA-CH</subfield>
         </datafield>
         <datafield tag="110" ind1="2" ind2=" ">
            <subfield code="a">Pestalozzianum, Bibliothek und Mediothek</subfield>
            <subfield code="c">Zürich</subfield>
            <subfield code="g">CH-Zp</subfield>
         </datafield>
         <datafield tag="410" ind1="2" ind2=" ">
            <subfield code="a">Bibliothek des Pestalozzianum</subfield>
         </datafield>
         <datafield tag="622" ind1=" " ind2=" ">
            <subfield code="e">Pestalozzianum, Bibliothek und Mediothek, Beckenhofstr. 31-37, CH-8035 Zürich, CH -</subfield>
         </datafield>
      </record>