
      <record>
         <leader>00000nz  a2200169   4500</leader>
         <controlfield tag="001">30076306</controlfield>
         <controlfield tag="003">RISM</controlfield>
         <controlfield tag="005">20160216</controlfield>
         <controlfield tag="008">160216n||az|||||||##########||||||||||||</controlfield>
         <datafield tag="040" ind1=" " ind2=" ">
            <subfield code="a">CH-Zschneider</subfield>
         </datafield>
         <datafield tag="043" ind1=" " ind2=" ">
            <subfield code="c">XA-CH</subfield>
         </datafield>
         <datafield tag="110" ind1="2" ind2=" ">
            <subfield code="a">Privatsammlung Nicola Schneider</subfield>
            <subfield code="c">Zürich</subfield>
            <subfield code="g">CH-Zschneider</subfield>
         </datafield>
         <datafield tag="622" ind1=" " ind2=" ">
            <subfield code="e">Privatsammlung Nicola Schneider, Schönbühlstr. 22,, CH -  8032  Zürich</subfield>
         </datafield>
      </record>