
      <record>
         <leader>00000nz  a2200169   4500</leader>
         <controlfield tag="001">30076732</controlfield>
         <controlfield tag="003">RISM</controlfield>
         <controlfield tag="005">20160216</controlfield>
         <controlfield tag="008">160216n||az|||||||##########||||||||||||</controlfield>
         <datafield tag="040" ind1=" " ind2=" ">
            <subfield code="a">CH-Zsta</subfield>
         </datafield>
         <datafield tag="110" ind1="2" ind2=" ">
            <subfield code="a">Stadtarchiv</subfield>
            <subfield code="c">Zürich</subfield>
            <subfield code="g">CH-Zsta</subfield>
         </datafield>
         <datafield tag="622" ind1=" " ind2=" ">
            <subfield code="e">Stadtarchiv, Haus zum untern Rech, Neumarkt 4, 8001 Zürich, Switzerland</subfield>
            <subfield code="u">http://www.stadt-zuerich.ch/prd/de/index/stadtarchiv.html#</subfield>
         </datafield>
      </record>