
      <record>
         <leader>00000nz  a2200169   4500</leader>
         <controlfield tag="001">30000556</controlfield>
         <controlfield tag="003">RISM</controlfield>
         <controlfield tag="005">20160216</controlfield>
         <controlfield tag="008">160216n||az|||||||##########||||||||||||</controlfield>
         <datafield tag="040" ind1=" " ind2=" ">
            <subfield code="a">CH-Zt</subfield>
         </datafield>
         <datafield tag="043" ind1=" " ind2=" ">
            <subfield code="c">XA-CH</subfield>
         </datafield>
         <datafield tag="110" ind1="2" ind2=" ">
            <subfield code="a">Tonhalle-Gesellschaft, Orchesterbibliothek</subfield>
            <subfield code="c">Zürich</subfield>
            <subfield code="g">CH-Zt</subfield>
         </datafield>
         <datafield tag="410" ind1="2" ind2=" ">
            <subfield code="a">Tonhalle</subfield>
         </datafield>
         <datafield tag="622" ind1=" " ind2=" ">
            <subfield code="e">Tonhalle-Gesellschaft,, Orchesterbibliothek, Gotthardstrasse 5, 8002 Zürich, Switzerland</subfield>
            <subfield code="u">https://www.tonhalle-orchester.ch/</subfield>
         </datafield>
      </record>