
      <record>
         <leader>00000nz  a2200169   4500</leader>
         <controlfield tag="001">30000559</controlfield>
         <controlfield tag="003">RISM</controlfield>
         <controlfield tag="005">20160216</controlfield>
         <controlfield tag="008">160216n||az|||||||##########||||||||||||</controlfield>
         <datafield tag="040" ind1=" " ind2=" ">
            <subfield code="a">CH-ZU</subfield>
         </datafield>
         <datafield tag="043" ind1=" " ind2=" ">
            <subfield code="c">XA-CH</subfield>
         </datafield>
         <datafield tag="110" ind1="2" ind2=" ">
            <subfield code="a">Gemeindearchiv</subfield>
            <subfield code="c">Zuoz</subfield>
            <subfield code="g">CH-ZU</subfield>
         </datafield>
         <datafield tag="410" ind1="2" ind2=" ">
            <subfield code="a">Gemeindekanzlei</subfield>
         </datafield>
         <datafield tag="622" ind1=" " ind2=" ">
            <subfield code="e">Gemeindearchiv, Gemeindekanzlei, CH-7524 Zuoz, (Graubünden), CH -</subfield>
         </datafield>
      </record>