
      <record>
         <leader>00000nz  a2200169   4500</leader>
         <controlfield tag="001">30000014</controlfield>
         <controlfield tag="003">RISM</controlfield>
         <controlfield tag="005">20160216</controlfield>
         <controlfield tag="008">160216n||az|||||||##########||||||||||||</controlfield>
         <datafield tag="040" ind1=" " ind2=" ">
            <subfield code="a">CH-Zz</subfield>
         </datafield>
         <datafield tag="043" ind1=" " ind2=" ">
            <subfield code="c">XA-CH</subfield>
         </datafield>
         <datafield tag="110" ind1="2" ind2=" ">
            <subfield code="a">Zentralbibliothek, Musikabteilung</subfield>
            <subfield code="c">Zürich</subfield>
            <subfield code="g">CH-Zz</subfield>
         </datafield>
         <datafield tag="410" ind1="2" ind2=" ">
            <subfield code="a">Kantons-, Stadt- und Universitätsbibliothek</subfield>
         </datafield>
         <datafield tag="410" ind1="2" ind2=" ">
            <subfield code="a">Zentralbibliothek und Bibliothek der Allgemeinen Musikgesellschaft</subfield>
         </datafield>
         <datafield tag="410" ind1="2" ind2=" ">
            <subfield code="a">Zentralbibliothek, Handschriftenabteilung</subfield>
         </datafield>
         <datafield tag="410" ind1="2" ind2=" ">
            <subfield code="a">Zentralbibliothek, Musikabteilung</subfield>
         </datafield>
         <datafield tag="622" ind1=" " ind2=" ">
            <subfield code="e">Zentralbibliothek, Musikabteilung, Chor der Predigerkirche, Predigerplatz 33, 8001 Zürich, Switzerland</subfield>
            <subfield code="u">http://www.zb.unizh.ch/spezialsammlungen/musikabteilung/index.html.de</subfield>
         </datafield>
      </record>
   </collection>
          

